2348 3818
96 148 162 213 ωε
210 147 213 152 ’
475 149 677 204 nomam
694 147 729 216 ι’.
767 180 808 226 μ

164 290 240 359 Δύο
268 291 335 378 γάρ
364 288 505 378 ἀριθμοί
534 293 569 359 oc
594 299 690 377 A,B
719 288 869 379 ἀριθμόν
895 315 973 359 τινα
999 289 1059 360 τὸν
1085 299 1116 361 Γ

95 395 447 476 πολλαπλασιάσαντες
469 394 549 477 τοὺς
567 407 612 483 A,
631 405 664 464 Ε
678 402 892 493 ποιείτωσαν·
938 397 1036 484 λέγω,
1062 397 1113 467 ὅτι

96 504 187 570 ἐστὶν
216 500 261 583 ὡς
290 500 308 571 5
332 512 365 570 A
391 502 475 591 πρὸς
496 501 556 571 τὸυ
578 510 624 589 Β,
653 502 760 583 οὕτως
787 500 806 571 5
830 512 864 570 A
885 500 969 592 πρὸς
990 503 1052 574 τὸν
1076 515 1112 575 Ε.

161 607 250 677 Ἐπεὶ
272 608 337 698 γάρ
362 607 380 676 5
404 619 437 676 A
458 608 519 678 τὸν
544 615 576 676 Γ
594 609 887 690 πολλαπλασιάσας
913 609 975 680 τὸυ
996 619 1032 677 A
1058 636 1112 680 πε-

62 720 251 803 σποίηιιε-υ,
273 715 330 784 καὶ
355 711 373 785 5
397 721 430 784 Γ
448 712 515 804 άρα
537 714 597 783 τὸυ
620 725 652 782 Α
675 715 969 796 πολλαπλασιάσας
989 715 1050 786 τὸυ
1081 727 1114 786 A

93 827 283 909 πεποίηκεν.
333 820 390 889 διὰ
418 820 459 888 τὰ
487 819 571 888 αὐτὰ
600 818 643 907 δὴ
670 822 726 889 καὶ
756 818 774 890 5
798 827 831 888 Γ
853 820 913 891 τὸν
937 831 965 891 Β
988 831 1111 892 πολλα-

95 926 280 1007 πλασιάσας
305 926 368 995 τὸυ
395 935 427 996 E
453 931 642 1011 πεποίηκεν.
688 924 835 1014 ἀριθμὸς
867 927 909 1014 δὴ
938 924 957 996 5
988 934 1021 995 Γ
1048 930 1112 998 δύο

95 1030 265 1122 ἀριθμοὺς
287 1031 367 1112 τοὺς
389 1041 436 1118 A,
456 1038 485 1099 Β
507 1034 800 1112 πολλαπλασιάσας
825 1030 905 1114 τοὺς
932 1042 981 1119 A,
1000 1041 1033 1103 Β
1057 1058 1112 1103 πε-

28 1158 34 1168 ·
94 1145 242 1225 ποίηιιευ.
289 1143 379 1206 ἔστιν
412 1135 477 1225 ἄρα
506 1134 551 1216 οὓς
578 1135 596 1206 5
625 1147 657 1204 A
684 1136 768 1227 πρὸς
794 1137 855 1217 τὸυ
880 1145 928 1225 Β,
962 1137 1108 1220 οὕτωςὸ

43 1257 76 1306 10
95 1252 129 1310 A
151 1243 234 1333 πρὸς
255 1243 316 1312 τὸν
340 1250 383 1311 E·
425 1240 506 1331 ὅπερ
530 1246 598 1310 ἔδει
622 1244 736 1324 δεῖξαι.
1034 1296 1054 1329 a

570 1437 632 1504 05'.

158 1555 245 1628 Ἐάν
276 1561 463 1647 τέσσαρες
495 1557 663 1647 ἀριθμοὶ
695 1559 897 1647 άνάλογου
936 1554 1053 1649 άσιυ,
1091 1561 1108 1631 5

94 1667 133 1734 ἐκ
165 1665 323 1753 πράτου
354 1667 417 1734 καί
455 1663 644 1752 τετάρτου
680 1664 896 1754 γενόμενος
934 1666 1110 1755 ἀριθμὸς

95 1781 179 1852 ίσος
212 1777 320 1840 ἔσται
352 1775 402 1865 τῷ
436 1774 475 1840 ἐκ
508 1772 699 1856 δευτέρου
729 1773 794 1840 καὶ
825 1776 962 1858 τρίτου
994 1800 1110 1859 γευο-

41 1881 74 1932 15
93 1881 194 1969 μένῳ
219 1875 388 1969 ἀριθμῷ·
412 1877 477 1944 καὶ
501 1875 569 1944 ἐάν
595 1875 612 1944 5
637 1880 677 1945 ἐκ
700 1877 858 1966 πράτου
885 1881 951 1946 καὶ
978 1882 1109 1967 τετάρ-

92 2010 162 2053 του
184 1983 400 2068 γευόμευος
423 1980 597 2070 ἀριθμὸς
613 1993 705 2064 ίσος
732 1976 753 2073 ᾖ
776 1989 827 2077 τῷ
852 1987 892 2053 ἐκ
916 1987 1109 2073 δευτέρου

92 2091 156 2157 καὶ
197 2094 348 2176 τρίτου,
390 2090 430 2155 ολ
468 2089 655 2176 τέσσαρες
696 2088 864 2177 ἀριθμοὶ
905 2089 1108 2178 άυάλογον

93 2199 262 2262 ἔσονταα

151 2298 323 2367 Ἔστωσαν
346 2299 503 2386 τέσσαρες
526 2297 667 2388 ἀριθμοὶ
691 2297 861 2386 άυάλογου
885 2304 921 2369 οί
936 2311 984 2388 A,
1003 2310 1048 2389 Β,
1067 2309 1106 2389 Γ,

37 2409 72 2458 20
91 2415 139 2492 A,
173 2403 218 2484 ὡς
246 2401 264 2472 5
292 2413 325 2472 A
351 2402 436 2492 πρὸς
462 2404 522 2475 τὸν
550 2414 595 2491 Β,
627 2406 735 2486 οὕτως
762 2433 780 2474 ο
808 2412 842 2473 Γ
863 2405 946 2495 πρὸς
973 2405 1034 2476 τὸυ
1061 2418 1106 2494 A,

89 2513 144 2579 καί
173 2510 190 2580 5
219 2510 280 2598 μὲν
303 2518 335 2578 Α
357 2509 418 2578 τὸυ
442 2519 475 2578 A
497 2510 791 2591 πολλαπλασιάσας
817 2510 878 2581 τὸυ
902 2520 934 2579 Ε
958 2521 1106 2601 ποιείτω,

90 2615 108 2685 5
133 2617 171 2686 δὲ
194 2626 222 2686 Β
245 2615 305 2685 τὸν
328 2623 361 2684 Γ
379 2618 671 2698 πολλαπλασιάσας
693 2619 754 2685 τὸν
778 2626 805 2685 Ζ
833 2623 983 2686 ποιείτω·
1011 2623 1106 2708 λέγω,

90 2720 140 2791 ὅτι
164 2733 236 2804 ίσος
259 2722 350 2791 ἐστίν
374 2719 392 2789 5
417 2729 449 2788 E
469 2726 515 2814 τῷ
538 2731 574 2792 Z.
805 2703 820 2731 ⁸

149 2827 185 2894 ‘0
211 2827 277 2915 γὰρ
302 2836 335 2893 A
360 2825 422 2894 τὸν
450 2834 482 2895 Γ
505 2828 798 2907 πολλαπλασιάσας
819 2826 881 2897 τὸυ
903 2836 944 2896 Η
961 2836 1105 2900 ποιείτω.

34 2939 69 2990 25
89 2935 158 3004 ἐπεὶ
178 2926 241 3001 οὖν
262 2930 280 3001 5
299 2941 331 2999 A
349 2935 410 3000 τὸυ
429 2938 461 2999 Γ
475 2933 768 3015 πολλαπλασιάσας
787 2936 846 3001 τὸυ
860 2940 900 3000 Η
912 2925 1104 3023 πεποίηκεν,

87 3068 147 3109 του
176 3040 213 3108 55
241 3048 274 3107 A
305 3039 598 3120 πολλαπλασιάσας
629 3039 690 3108 τὸυ
718 3049 750 3108 Ε
778 3047 974 3127 πεποίηκεν,
1008 3040 1104 3130 άριθ-

88 3145 148 3235 μὸς
172 3151 213 3232 δη
237 3142 255 3213 5
280 3153 312 3212 A
332 3144 395 3214 δύο
416 3143 584 3233 ἀριθμοὺς
602 3148 682 3226 τοὺς
699 3152 737 3232 Γ,
757 3157 790 3213 A
808 3146 1104 3227 πολλαπλασιάσας

160 3348 183 3394 1.
202 3337 252 3395 τὸν
272 3340 311 3411 Γ]
332 3356 385 3394 om.
404 3357 432 3418 p.
494 3346 518 3394 2.
538 3336 588 3393 τὸν
609 3343 635 3393 Γ
650 3334 717 3402 τούς
734 3357 762 3408 p.
799 3337 961 3409 ποιήτωσαυ
982 3361 1012 3411 φ.
1077 3348 1101 3396 3.

82 3408 219 3475 ἁρίσιιυ
233 3430 264 3483 p.
329 3416 354 3465 ὅ,
373 3411 440 3481 καί]
460 3429 495 3463 m.
517 3416 532 3464 2
552 3409 590 3476 V3
610 3427 664 3466 om.
683 3429 711 3480 p.
779 3405 848 3481 ἄρα]
868 3411 922 3467 del.
943 3410 978 3483 V,
998 3429 1051 3467 om.
1071 3433 1101 3481 φ.

108 3489 130 3535 6.
153 3479 207 3538 διά
225 3479 310 3538 τά-
327 3487 358 3539 8.·
382 3481 556 3556 πεποίηκεν]
574 3500 633 3554 mg.
650 3500 689 3536 m.
705 3485 725 3536 ‘2
740 3481 778 3551 V,
794 3499 850 3536 om„
867 3501 899 3550 φ.
990 3491 1014 3538 7.
1035 3479 1100 3552 δυό]
