2348 3818
88 126 153 192 248
438 130 445 141 '
464 128 666 182 ΣΤΟΙΧΕΙΩΝ
684 123 720 194 λ’·

144 269 253 337 Ἔστω
286 271 418 356 πρῶτος
448 266 597 356 ἀριθμὸς
628 264 646 336 6
675 277 708 338 A
743 269 799 337 καὶ
825 266 887 338 τὸν
914 275 942 335 Β
971 267 1017 355 μή
1052 294 1109 355 με-

87 380 217 464 τρείτω·
240 374 337 462 λέγω,
357 373 409 443 ὅτι
428 378 463 444 οί
475 382 514 461 Β,
529 385 561 444 A
578 370 706 464 πρῶτοι
724 373 808 463 πρὸς
825 373 994 462 ἀλλήλους
1008 379 1110 443 είσίν.

154 485 198 549 Ec
224 478 289 568 γὰρ
312 481 357 568 μή
381 483 527 550 είσιν·οί
547 488 591 567 Β,
615 491 647 548 A
669 474 795 569 πρῶτοι
817 479 901 570 πρὸς
923 479 1108 568 ἀλλήλους,

86 587 240 676 μετρήσει
268 612 317 666 τις
342 583 465 667 αὐτοὺς
487 583 643 675 ἀριθμός.
687 593 844 675 μετρείτω
868 585 886 656 6
909 592 947 657 Γ.
989 587 1063 655 ἐπεὶ
1087 584 1106 655 6

51 716 68 768 ε
86 699 120 762 Γ
140 691 201 762 τὸν
224 700 253 761 Β
276 705 402 780 μετρεῖ,
431 687 449 760 6
474 690 511 760 δὲ
534 701 567 760 A
588 690 648 760 τὸν
672 697 700 759 Β
724 690 767 760 οὐ
788 705 913 780 μετρεῖ,
942 688 960 759 6
985 697 1018 759 Γ
1036 689 1107 780 ἀρα

85 803 131 892 τῷ
155 809 187 867 A
214 797 277 868 οὔκ
305 799 395 868 ἐστιν
423 795 442 867 6
471 796 582 879 αὐτός.
626 798 682 866 καὶ
710 797 780 866 ἐπεὶ
808 795 883 866 ὁΓ
900 795 980 877 τοὺς
1002 804 1048 883 Β,
1072 807 1108 866 Α

86 919 212 994 μετρεῖ,
241 905 297 975 καὶ
326 904 387 974 τὸν
415 914 447 973 A
476 903 543 993 ἀρα
570 918 684 993 μετρεῖ
707 908 843 992 πρῶτον
870 904 952 973 ὄντα
979 901 1023 991 μή
1055 900 1109 972 ὢν

86 1008 176 1105 αὐτῷ
206 1009 223 1079 6
253 1008 368 1091 αὐτός·
401 1008 482 1094 ὅπερ
506 1010 597 1079 ἐστὶν
620 1007 802 1079 ἀδύνατον.
848 1006 911 1079 οὐκ
933 1008 1001 1099 ἀρα
1022 1008 1110 1090 τοὺς

85 1125 126 1203 Β,
145 1127 177 1186 A
200 1117 355 1205 μετρήσει
372 1141 422 1194 τις
440 1113 596 1204 ἀριθμός.
629 1118 665 1183 οί
681 1125 723 1201 A,
743 1113 856 1203 Βάρα
875 1120 1001 1203 πρῶτοι
1017 1118 1110 1203 πρὸς

35 1248 67 1298 10
85 1221 252 1311 ἀλλήλους
273 1227 375 1291 είσίν·
413 1219 494 1310 ὅπερ
518 1226 586 1290 ἔδει
609 1223 723 1302 δεῖξαι.

570 1416 613 1486 λ’.

149 1534 236 1607 Ἐάν
274 1540 345 1608 δύο
378 1536 548 1628 ἀριθμοὶ
579 1541 1003 1619 πολλαπλασιάσαντες
1035 1538 1111 1610 ἀλ-

85 1645 230 1734 λήλους
257 1648 405 1715 ποιῶσί
428 1672 532 1733 τινα,
560 1644 631 1714 τὸν
659 1645 701 1715 δὲ
727 1647 950 1733 γενόμενον
974 1647 1012 1727 ἐξ
1037 1646 1108 1714 αὐ-

83 1756 162 1821 τῶν
194 1756 312 1843 μετρή
344 1779 404 1832 τις
429 1756 585 1841 πρῶτος
614 1750 804 1840 ἀριθμός,
835 1751 900 1819 καὶ
928 1753 998 1820 ἕνα
1025 1757 1110 1820 τῶν

32 1884 65 1936 ιι
85 1857 123 1938 ἐξ
145 1855 269 1946 ἀστῆς
291 1859 486 1946 μετοίσω·
600 1920 604 1927 =

150 1965 226 2032 Δάο
262 1963 328 2052 γάρ
366 1960 508 2050 ἀριθμοί
546 1967 581 2032 oc
610 1973 660 2050 A,
692 1972 720 2032 Β
752 1963 1107 2044 πολλαπλασιάσαντες

83 2066 250 2156 ἀλλήλους
276 2068 338 2137 τὸν
361 2074 394 2136 Γ
418 2073 634 2156 ποιείτωσαν,
661 2068 722 2138 τὸν
742 2069 787 2137 τῖε
810 2074 842 2136 Γ
867 2072 1023 2158 μετρείτω
1053 2096 1107 2149 τις

82 2177 213 2261 πρῶτος
236 2171 382 2261 ἀριθμὸς
405 2171 424 2241 6
447 2181 494 2255 A·
534 2175 631 2260 λέγω,
656 2173 707 2243 ὅτι
732 2173 750 2243 6
775 2183 809 2242 A
831 2176 891 2243 ἕνα
913 2178 981 2242 τῶν
1004 2185 1048 2260 Α,
1072 2183 1103 2243 Β

82 2290 202 2367 μετρεῖ.

30 2413 65 2464 20
154 2382 222 2452 Τὸν
249 2383 315 2472 γὰρ
338 2393 370 2452 A
397 2383 442 2471 μή
471 2391 640 2473 μετρείτω·
676 2392 736 2452 καί
760 2389 830 2454 ἐστι
856 2389 986 2473 πρῶτος
1009 2383 1103 2454 ὀ’Δ·

83 2493 119 2558 οί
134 2501 178 2576 A,
198 2498 232 2558 A
254 2488 320 2579 ἀρα
342 2493 468 2577 πρῶτον
491 2488 575 2577 πρὸς
598 2488 764 2578 ἀλλήλους
783 2497 878 2560 είσίν.
907 2491 968 2559 καί
983 2489 1101 2571 ὁσάκις

83 2594 101 2664 6
118 2606 151 2664 A
168 2595 229 2666 τὸν
244 2602 276 2665 Γ
290 2609 411 2684 μετρεῖ,
433 2600 593 2664 τοσαῦται
611 2597 757 2684 μονάδες
775 2601 924 2665 ἔστωσαν
943 2599 981 2665 ἐν
999 2600 1045 2690 τῷ
1061 2605 1100 2665 Ε.

83 2703 153 2771 ἐπεὶ
177 2695 241 2772 οὖν
264 2700 282 2772 6
307 2711 341 2770 A
363 2702 423 2770 τὸν
446 2707 479 2770 Γ
497 2716 611 2792 μετρεῖ
630 2700 713 2783 τιατά
737 2699 795 2782 τάς
818 2705 854 2769 ἐν
877 2707 923 2794 τῷ
942 2709 975 2770 E
995 2704 1100 2790 μονά-

82 2813 159 2894 δας,
188 2806 206 2877 6
232 2817 266 2876 A
288 2805 435 2896 ἀρατὸν
459 2815 490 2874 Ε
511 2809 804 2888 πολλαπλασιάσας
826 2805 887 2876 τὸν
910 2813 943 2875 Γ
960 2814 1099 2896 πεποίή·

28 2943 63 2994 25
80 2941 147 2982 κεν.
193 2911 277 2981 ἀλλὰ
305 2913 373 3001 μὴν
399 2913 455 2981 καὶ
484 2910 501 2981 6
526 2922 558 2980 A
584 2912 645 2982 τὸν
668 2922 697 2982 Β
720 2915 1013 2994 πολλαπλασιάσας
1035 2913 1098 2982 τὸν
1120 2989 1129 3003 ,

80 3025 114 3087 Γ
136 3025 326 3107 πεποίηκεν·
363 3027 436 3100 ίσος
463 3016 529 3107 ἀρα
553 3020 643 3087 ἐστὶν
667 3016 685 3088 6
709 3021 745 3087 ἐκ
767 3023 835 3087 τῶν
859 3027 907 3104 A,
936 3027 967 3086 E
987 3025 1034 3109 τῷ
1059 3023 1096 3089 ἐκ

152 3230 351 3302 3.„BA]A
375 3235 446 3316 Bp.
511 3224 712 3317 λάρνθμός]
731 3225 956 3316 -οςὶητεεῃφ
995 3228 1094 3300 μετρή

80 3323 167 3373 τωφ.
224 3273 331 3390 ἐπεί]
338 3297 417 3355 καὶ
406 3320 421 3354 ο
442 3305 469 3355 Γ
488 3297 542 3355 οὔκ
561 3296 619 3355 ἐστι
638 3296 735 3392 μονάρ.
759 3293 873 3356 ἐπεὶ
840 3320 891 3355 ουν
910 3301 965 3369 Vzp
989 3302 1019 3356 et
1038 3318 1094 3358 om.

80 3376 133 3429 λαί
222 3374 294 3427 Ante
318 3367 384 3426 ε’πεί
405 3372 469 3426 add
493 3370 571 3426 Pm.
595 3387 649 3427 rec.
673 3372 729 3426 ναί.
821 3373 919 3457 6193]
939 3388 954 3426 ο
972 3389 1042 3428 corr.
1062 3374 1093 3428 P.

79 3449 102 3498 Β
105 3393 200 3516 ,113
191 3462 221 3498 m
239 3460 292 3498 ras.
314 3463 350 3512 ως
369 3446 541 3514 Bsupram
560 3441 621 3496 1V.
677 3447 701 3497 8.
721 3427 1094 3513 αὖτὸςοάὃὲμονάςῗφρ
