2348 3818
98 138 165 203 408
480 141 682 194 ΓΓΟΙΧΕΙΩΝ
699 139 744 194 θ’.

100 294 170 359 τοῖς
197 288 247 365 A,
266 287 343 368 ΒΓ,
363 290 407 351 A·
439 286 531 350 ἔστιν
558 279 625 371 ἅμα
651 278 696 361 ὡς
724 278 742 349 5
771 285 844 348 ΓΗ
870 278 956 369 πρὸς
983 279 1049 348 τὸν
1077 290 1124 367 A,

101 383 207 464 οὕτως
235 383 253 453 5
283 393 346 453 ΕΘ
368 384 451 475 πρὸς
472 385 553 467 τοὺς
576 395 625 473 Δ,
643 393 720 472 ΒΓ,
738 395 780 456 A.
822 391 912 455 ἔστιν
936 383 1120 476 ἄραῶςὴ

100 495 161 560 τοῦ
194 493 353 580 δευτέρου
382 489 528 580 ὑπεροχὴ
561 492 643 582 πρὸς
674 491 735 561 τὸν
767 496 917 579 πρῶτον,
954 493 1067 574 οὕτως
1099 492 1120 579 ἡ

101 601 162 667 τοῦ
190 599 330 686 ἐσχάτου
357 594 503 688 ὑπεροχὴ
531 597 614 687 πρὸς
640 598 720 679 τοὺς
742 597 806 687 πρὸ
831 599 963 667 ἑαυτοῦΙ
978 601 1126 680 πάντας·

67 701 185 792 οὕπερ
208 708 276 771 ἔδει
300 706 413 785 δεῖξαι.

578 831 639 900 λς’.

167 950 255 1020 Ἐὰν
282 949 357 1020 ἀπὸ
386 954 561 1038 μονοίδος
584 949 805 1020 ὁποσοιοῦν
832 949 1002 1039 ἀριθμοὶ
1034 954 1130 1040 ἑξῆς

104 1059 323 1127 ἐκτεθῶσιν
365 1061 405 1127 ἐν
442 1064 486 1148 τῇ
529 1064 761 1127 διπλασίονι
797 1056 1012 1148 ἀναλογίᾳ,
1053 1061 1129 1138 ἕως

105 1155 151 1233 οὖ
179 1161 196 1232 5
231 1165 382 1251 σύμπας
418 1165 628 1245 συντεθεὶς
659 1168 811 1250 πρῶτος
842 1165 1024 1251 γένηται,
1059 1165 1126 1232 καὶ

51 1269 123 1338 105
152 1271 306 1357 σύμπας
333 1270 396 1337 ἐπὶ
424 1269 493 1338 τὸν
527 1277 692 1359 ἔσχατον
725 1271 1130 1377 πολλαπλασιασθεὶς

104 1379 197 1464 ποιῇ
220 1401 324 1461 τινα,
348 1372 367 1443 5
390 1377 607 1462 γενόμενος
629 1378 780 1458 τέλειος
803 1381 921 1446 ἔσται.

169 1478 247 1548 Ἀπὸ
267 1479 331 1566 γὰρ
351 1483 499 1567 μονάδος
514 1486 742 1551 ἐκκείσθωσαν
757 1480 1005 1569 ὁσοιδηποτοῦν
1025 1480 1126 1570 αρνθ·

104 1586 162 1673 μοὶ
194 1589 231 1653 ἐν
260 1590 300 1675 τῇ
334 1593 525 1656 διπλασίονι
558 1588 739 1679 ἀναλογία,
772 1590 834 1668 ἕως
866 1579 909 1657 οὗ
941 1587 959 1655 5
989 1589 1131 1674 σύμπας

106 1693 280 1772 συντεθεὶς
311 1697 440 1780 πρῶτος
471 1696 622 1781 γένηται,
656 1699 691 1763 oc
715 1706 763 1782 A,
782 1703 827 1779 Β,
845 1701 884 1780 Γ,
904 1703 953 1779 A,
984 1693 1046 1760 καὶ
1079 1697 1127 1786 τῷ

53 1812 86 1862 16
107 1799 273 1885 σύμπαντι
305 1807 377 1878 ίσος
408 1805 491 1867 ἔστω
522 1798 540 1869 5
570 1810 617 1887 E,
649 1803 705 1868 καὶ
738 1799 756 1869 5
784 1809 816 1868 Ε
845 1799 906 1868 τὸν
939 1809 973 1866 A
999 1807 1129 1868 πολλα-

106 1904 290 1984 πλασιάσας
311 1904 371 1972 τὸν
391 1912 458 1973 ΖΗ
475 1915 619 1976 ποιείτω.
660 1909 756 1993 λέγω,
785 1904 836 1974 ὅτι
861 1903 878 1973 5
907 1911 980 1972 ΖΗ
996 1907 1130 1985 τέλειός

106 2012 205 2079 ἐστιν.

164 2115 260 2184 Ὅσοι
282 2120 347 2207 νοίρ
372 2124 459 2186 είσιν
482 2122 517 2186 οί
537 2128 585 2205 A,
604 2128 644 2204 Β,
664 2124 702 2205 Γ,
722 2128 756 2186 A
778 2123 822 2210 τῷ
843 2120 980 2204 πλήθει,
1004 2121 1129 2185 τοσού-

106 2247 159 2290 τοι
186 2220 251 2290 ἀπὸ
275 2234 336 2289 τοῦ
360 2231 392 2290 Ε
413 2224 633 2310 εἰλήφθωσαν
657 2228 694 2293 ἐν
721 2228 760 2312 τῇ
786 2229 978 2292 διπλασίονι
1000 2221 1128 2291 ἄναλο-

54 2335 164 2418 νογία
193 2332 228 2396 οί
252 2335 296 2413 Ε,
319 2336 401 2413 ΘΚ,
425 2337 472 2415 A,
497 2338 549 2399 M·
578 2329 622 2397 δι’
654 2340 731 2398 ίσου
758 2330 823 2417 ἄρα
852 2332 942 2399 ἐστὶν
971 2326 1016 2408 ὡς
1046 2328 1065 2398 5
1095 2339 1130 2399 A

107 2433 192 2523 πρὸς
209 2433 270 2502 τὸν
297 2443 338 2519 Δ,
364 2434 469 2514 οὕτως
492 2433 510 2502 ὁ
534 2443 566 2503 Ε
586 2434 669 2525 πρὸς
691 2435 752 2504 τὸν
776 2444 823 2505 Μ.
865 2433 883 2503 5
908 2434 972 2523 ἄρα
996 2438 1033 2503 ἐκ
1057 2440 1129 2504 τῶν

107 2549 153 2628 Ε,
183 2551 217 2608 A
246 2551 317 2620 ίσος
345 2541 413 2607 ἐστὶ
440 2545 486 2633 τῷ
516 2544 551 2608 ἐκ
578 2546 647 2610 τῶν
676 2552 724 2628 Α,
748 2549 795 2609 Μ.
841 2547 900 2608 καί
925 2543 1016 2609 ἐστιν
1046 2539 1065 2608 5
1091 2545 1130 2610 ἐκ

107 2653 175 2716 τῶν
198 2657 243 2734 Ε,
269 2657 301 2715 Δ
324 2643 342 2714 5
368 2653 446 2713 ZH·
469 2648 525 2714 καὶ
555 2645 573 2714 5
603 2650 639 2716 ἐκ
668 2652 736 2715 τῶν
758 2656 805 2732 Α,
830 2646 958 2735 Μύρα
986 2647 1080 2715 ἐστὶν
1110 2646 1131 2715 5

108 2761 183 2821 ZH.
222 2752 241 2821 5
268 2762 300 2820 A
330 2753 396 2839 ἄρα
423 2751 484 2819 τὸν
508 2760 549 2819 Μ
576 2754 868 2832 πολλαπλασιάσας
894 2752 955 2820 τὸν
979 2759 1052 2821 ΖΗ
1071 2776 1130 2821 πε-

56 2879 91 2927 25
110 2865 261 2944 ποίηκεν·
289 2856 309 2925 5
338 2865 379 2924 M
407 2856 473 2945 ἄρα
501 2856 561 2927 τὸν
589 2867 661 2925 ΖΗ
685 2873 799 2946 μετρεῖ
822 2856 905 2926 κατὰ
932 2855 990 2936 τοὶς
1019 2860 1057 2926 ἐν
1080 2863 1130 2952 τῷ

182 3044 204 3090 1
226 3030 421 3104 ἔστναα
436 3040 464 3088 2
485 3041 523 3102 A
539 3039 604 3103 ΒΓ,
617 3036 662 3118 A]
687 3052 740 3091 om
765 3053 791 3103 q
830 3035 999 3121 1.ΓΗ]Ρ;
1019 3035 1131 3100 ΗΒΓ;

108 3111 168 3160 ΒΗ
182 3105 244 3160 BV.
317 3113 342 3161 2.
336 3056 480 3192 ρΕΘ1Ε
498 3108 597 3175 postea
614 3106 710 3162 msert
730 3108 761 3164 Γ.
833 3101 915 3176 τούς]
936 3122 989 3159 om.
1008 3105 1039 3159 Γ.
1103 3112 1131 3161 4.

108 3171 286 3258 απανταςΓ.
377 3181 492 3247 5.οπερ
512 3175 571 3232 ἔδει
590 3179 650 3243 δεῖξ
637 3177 699 3248 ξαι]
720 3194 774 3232 om
793 3176 847 3245 Bq.
939 3177 1008 3230 Post
996 3177 1130 3241 οδεῖξαι

107 3248 187 3302 mP
216 3247 281 3303 add.
304 3248 352 3301 lin.
378 3253 436 3302 7-
448 3254 495 3302 21:
523 3244 573 3301 τὸν
600 3253 637 3302 Μ
656 3266 719 3302 cum
738 3247 905 3316 quibusdam
928 3244 1133 3315 discrepantiis

107 3266 179 3390 (nP„)
204 3319 269 3374 dein
289 3316 424 3404 περιττὸν
449 3314 547 3403 ἔχετο,
572 3320 601 3372 et
619 3318 720 3373 deinde
745 3338 772 3388 p.
792 3323 858 3385 404,
879 3324 943 3371 '1-
958 3323 991 3371 19
1012 3318 1046 3385 (Ρ
1047 3318 1108 3388 ,),“
1099 3336 1132 3372 m

108 3407 164 3476 mg.
184 3385 315 3477 περιττόν
335 3389 389 3443 et'
381 3407 411 3444 1n
429 3390 484 3444 fine
507 3384 539 3443 τὸ
564 3387 695 3459 περιττὸν
717 3390 801 3443 τούτο
825 3361 941 3458 σφάλμα
960 3383 1046 3441 ἐστίν.
1103 3395 1131 3443 9.

103 3458 218 3532 σύμπας
237 3457 290 3518 στὶν
308 3461 343 3536 τῇ
363 3455 518 3535 μονάδιΓ.
578 3467 622 3516 u.
642 3458 719 3515 ἔσται
736 3460 886 3526 τέλωοςο.
951 3464 994 3513 12.
1014 3452 1132 3528 ὁσοιδη
