2348 3818
346 166 619 221 nnnrrnurcnuu
636 171 745 222 monn
762 173 809 224 1x.
1028 171 1095 237 353

75 305 171 390 item,
195 304 282 391 qui¹)
305 329 370 373 uno
389 309 461 374 loco
485 311 621 397 distant,
649 317 784 398 quartus
808 318 917 380 sutem
937 316 1037 380 cubus
1061 321 1095 383 et

85 411 167 476 item
196 434 320 498 omnes,
353 416 533 502 quicunque
562 420 686 487 duobus
717 421 796 486 locis
830 423 964 507 distant,
995 425 1095 508 septi·

82 540 158 582 mus
181 540 259 583 uero
284 520 379 584 simul
403 526 435 586 et
463 526 563 590 cubus
592 529 625 590 et
651 528 828 613 quadratus
858 531 891 594 et
917 528 1010 613 item,
1040 531 1094 614 qui

87 625 231 709 quinque
255 627 333 691 locis
358 627 490 695 distant.

151 727 222 795 Sint
259 732 419 815 quotlibet
450 740 575 802 numeri
607 739 682 803 inde
716 742 757 805 ab
790 742 914 805 unitate
945 740 1094 825 deinceps

78 873 224 922 Ar--r
511 845 771 928 proportionales
800 852 845 930 A,
866 850 910 930 Β,
928 850 968 931 Γ,
990 853 1037 931 Δ,
1056 852 1095 932 Β,

79 975 279 1032 mm,
512 956 548 1015 Z.
595 950 676 1034 dioc,
699 953 834 1016 tertium
859 952 900 1016 ab
919 952 1095 1018 unitateB

80 1085 116 1135 p¹
333 1103 336 1139 ,
512 1056 707 1140 quadratum
726 1080 796 1123 esse
816 1061 849 1122 et
871 1058 951 1122 item
975 1081 1095 1142 omnes,

80 1194 118 1243 Δ,
385 1209 388 1243 ,
510 1164 690 1247 quicunque
700 1187 764 1230 uno
774 1167 846 1230 loco
857 1164 987 1247 distent,
998 1186 1093 1248 quar-

79 1298 111 1350 Ε,
434 1317 437 1351 ,
508 1272 579 1332 tum
613 1275 721 1334 sutem
749 1274 781 1335 Γ
806 1272 924 1336 cubum
953 1271 1094 1335 etitem

80 1400 85 1438 ι
490 1406 494 1442 1
514 1395 639 1458 omnes,
663 1377 845 1461 quicunque
870 1376 995 1442 duobus
1013 1379 1093 1442 loeis

456 1446 477 1494 Z
511 1479 648 1565 distent,
676 1483 851 1566 septimum
881 1504 958 1549 uero
993 1489 1021 1546 Z
1055 1485 1095 1549 si·

86 1583 154 1646 mul
190 1587 221 1646 et
259 1585 376 1649 cubum
408 1589 441 1649 et
473 1586 667 1670 quadratum
705 1591 738 1652 et
768 1588 848 1652 item
876 1611 1001 1672 omnes,
1030 1591 1098 1673 qui·

83 1709 210 1772 cunque
243 1691 383 1776 quinque
422 1692 503 1756 locis
538 1691 666 1757 distent.
723 1715 800 1757 nam
847 1694 1001 1776 quoniam
1047 1699 1097 1759 est

87 1792 176 1857 l:A
190 1824 232 1847 =
246 1801 299 1858 A:
315 1799 357 1880 Β,
385 1798 493 1861 unitas
523 1819 691 1862 numerum
716 1803 748 1860 A
771 1801 803 1861 et
825 1802 856 1859 A
879 1819 1049 1863 numerum
1067 1804 1096 1864 Β

87 1900 269 1982 aequaliter
287 1904 421 1967 metitur
440 1901 517 1983 [Vll
536 1903 598 1967 def.
616 1904 682 1984 20].
725 1904 781 1968 sed
800 1903 907 1967 unitas
926 1926 1097 1970 numerum

86 2011 120 2069 A
144 2007 318 2071 secundum
340 2008 483 2072 unitates
506 2010 607 2092 ipsius
631 2009 772 2074 metitur.
820 2030 918 2093 quare
942 2011 1041 2075 etiam
1064 2017 1098 2075 A

87 2133 257 2177 numerum
290 2118 319 2177 Β
351 2113 526 2178 secundum
559 2116 700 2179 unitates
733 2114 860 2178 numeri
892 2119 925 2176 A
956 2116 1096 2181 metitur.

87 2219 198 2302 itaque
222 2219 300 2300 [VII
319 2220 379 2283 del.
401 2221 456 2300 15]
481 2227 512 2284 A
525 2235 568 2289 ><
583 2227 615 2284 A
630 2251 671 2273 =
687 2225 724 2285 Β.
771 2241 849 2306 ergo
872 2224 901 2284 Β
920 2221 1097 2305 quadratus

89 2329 148 2389 est.
185 2329 217 2389 et
236 2327 390 2409 quoniam
408 2331 446 2409 Β,
464 2329 500 2409 Γ,
517 2332 549 2389 Δ
564 2327 714 2410 deinceps
733 2327 994 2410 proportionales
1013 2331 1097 2411 sunt

87 2436 120 2496 et
143 2435 171 2494 Β
196 2432 373 2514 quadratus
393 2435 452 2516 est,
475 2433 573 2497 etiam
593 2438 626 2496 A
646 2432 823 2516 quadratus
843 2432 1097 2517 est[V111‚22].

87 2539 199 2603 eadem
232 2539 270 2602 de
298 2560 396 2602 causa
428 2539 525 2603 etiarn
560 2543 588 2602 Z
620 2539 795 2623 quadratus
833 2541 891 2604 est
947 2539 1096 2604 similiter

87 2644 393 2723 demonstrabimus,
422 2645 522 2708 etiam
551 2666 678 2728 omnes,
711 2644 892 2726 quicunque
925 2666 990 2708 uno
1023 2646 1096 2710 loco

86 2749 221 2833 distent,
249 2748 425 2832 quadratos
453 2772 533 2815 esse.
578 2751 644 2814 iam
668 2749 754 2833 dico,
782 2752 934 2833 quartum
963 2749 1003 2813 ab
1027 2750 1097 2814 uni·

85 2858 154 2919 tate
178 2857 210 2918 Γ
233 2857 350 2919 cubum
374 2876 443 2919 esse
467 2859 500 2919 et
522 2857 600 2920 item
621 2877 742 2939 omnes
766 2856 947 2938 quicunque
972 2854 1097 2919 duobus

86 2960 167 3024 locis
196 2960 327 3026 distent.
371 2983 448 3025 nam
479 2961 631 3044 quoniam
660 2964 709 3024 est
740 2963 827 3025 l:A
842 2991 884 3013 =
899 2965 927 3024 Β
942 2985 949 3024 :
965 2964 1005 3046 Γ,
1029 2961 1100 3025 uni-

86 3069 138 3130 tas
156 3089 327 3130 numerum
350 3072 382 3130 A
406 3070 438 3130 et
460 3070 488 3129 Β
511 3089 681 3132 numerum
705 3070 737 3133 Γ
757 3068 936 3151 aequaliter
954 3068 1096 3133 metitur.

160 3280 185 3345 1)
206 3275 276 3330 Cum
308 3271 411 3338 πάντες
440 3278 506 3345 post
538 3278 730 3336 διαλείποντες
762 3275 898 3331 facillime
929 3275 1097 3331 intercidere

86 3346 221 3416 potuerit,
239 3363 291 3401 nec
309 3346 339 3400 in
356 3347 410 3400 hoc
428 3347 566 3401 uocabulo
585 3347 631 3400 uel
650 3345 805 3401 omittendo
821 3347 867 3401 uel
885 3348 1015 3416 ponendo
1031 3363 1096 3400 con—

88 3420 167 3471 stans
187 3417 225 3470 sit
248 3417 374 3471 codicum
392 3417 414 3470 P
433 3418 463 3471 et
480 3416 686 3472 Theoninorum
705 3433 855 3472 consensus
878 3419 928 3471 aut
946 3417 1103 3480 dissensusx

86 3488 207 3542 fortasse
225 3484 330 3550 πάντες
348 3487 452 3556 ubique
470 3488 675 3560 recipiendum.

131 3583 283 3638 Euclides,
299 3586 350 3628 edd.
363 3587 472 3640 Helberg
487 3594 510 3632 ct
523 3591 623 3642 Mensse.
648 3592 688 3632 u.
937 3574 980 3619 Ἣ
