2348 3818
354 161 629 212 ELEMENTORUM
646 161 755 211 LIBER
772 161 819 212 IX.
1028 155 1092 221 391

77 303 169 367 uenti
193 304 269 367 sunl
290 302 389 385 primi
412 304 539 367 numeri
557 309 598 386 A,
621 306 658 387 Β,
677 305 714 387 Γ,
731 306 794 366 ΒΖ
816 303 926 386 plures
950 301 1094 366 numeris

76 413 126 493 A,
149 412 191 492 Β,
214 410 251 472 Γ.
295 430 409 473 uerum
436 430 477 473 ne
507 409 550 473 ait
573 412 636 473 ΒΖ
658 410 792 492 primus.
837 410 946 494 itaque
968 407 1093 492 primus

79 514 199 599 aliquis
221 535 375 579 numerus
400 537 474 580 eum
497 514 631 579 melilur
649 513 736 599 ΝΠ,
750 515 817 596 31].
852 515 1006 580 metiatur
1029 513 1096 597 pri-

78 642 154 685 mus
176 642 330 685 uumerus
354 623 399 686 H.
432 620 513 704 dieo,
536 642 706 685 numerum
725 624 765 685 H
782 620 864 686 nulli
886 640 1094 684 numerorum

77 730 122 806 A,
138 730 174 810 Β,
188 728 221 790 Γ
235 726 402 811 aequalem
416 747 494 791 esee.
531 748 608 791 nam
627 727 655 791 si
673 726 742 792 fieri
759 730 879 812 potest,
899 727 950 791 sil.
982 747 1095 791 uerum

78 840 128 917 A,
151 836 192 916 Β,
215 836 247 898 Γ
271 854 442 897 numerum
470 835 540 897 ΔΕ
568 832 754 898 metiuntur.
800 833 911 917 itaque
939 832 1038 896 eliam
1061 834 1101 895 H

79 960 252 1003 numerum
280 945 314 1001 A
320 942 352 1002 Β
378 937 521 1004 metitur.
565 960 679 1002 uerum
706 938 806 1002 eliam
834 959 1003 1002 numerum
1032 940 1095 1000 ΒΖ

80 1045 225 1110 metitur.
259 1065 359 1128 quare
378 1042 509 1131 etiam1)
528 1067 611 1130 quae
628 1044 831 1129 relinquitur,
854 1044 1013 1108 unitatem
1028 1047 1062 1106 Δ
1068 1046 1095 1105 Ζ

80 1150 235 1215 metietur
248 1153 291 1235 H,
311 1151 366 1234 qui
383 1173 536 1216 numerus
555 1154 618 1236 est,
640 1151 726 1236 quod
745 1150 922 1215 absurdum·
935 1151 992 1214 est.
1016 1168 1094 1232 ergo

79 1259 122 1320 H
138 1255 222 1321 nulli
244 1277 413 1321 numerum
436 1261 482 1342 A,
506 1261 548 1341 Β,
571 1260 604 1321 Γ
622 1256 766 1342 aequalis
790 1259 849 1323 est.
890 1260 922 1321 el
946 1253 1096 1340 supposi-

80 1366 154 1426 tum
181 1367 244 1447 eal,
277 1365 317 1426 Η
343 1364 486 1447 primum
513 1383 593 1427 esee.
639 1382 717 1447 ergo
745 1363 871 1429 inuenti
897 1365 974 1427 euni
998 1359 1096 1446 primi

78 1468 208 1533 numeri
230 1473 272 1552 A,
293 1473 333 1553 Β,
355 1472 392 1552 Γ,
413 1471 453 1532 Η
470 1469 579 1552 plures
602 1467 681 1532 data
703 1469 910 1535 mullitudine
929 1473 971 1552 A,
994 1471 1031 1551 Β,
1053 1468 1094 1550 Γ,

79 1572 167 1657 quod
191 1577 261 1639 erat
283 1573 578 1639 demonstrandum.

544 1766 631 1832 XXI.

152 1888 188 1955 Si
223 1890 383 1975 quollibet
419 1891 546 1956 numeri
581 1912 676 1976 pares
712 1893 962 1977 componuntur,
1005 1891 1095 1954 tolus

80 1998 235 2082 pararit.

151 2101 396 2188 Componautur
413 2104 516 2168 'enim
548 2102 712 2188 quotlibet
742 2103 869 2168 numeri
898 2123 993 2186 pares
1021 2104 1096 2185 AB,

82 2211 154 2294 ΒΓ,
178 2212 249 2293 ΓΔ,
273 2213 350 2275 ΔΒ.
387 2206 468 2295 dieo,
491 2209 590 2274 eliam
611 2212 718 2275 latum
741 2213 811 2274 ΑΒ
831 2231 943 2295 parem
966 2228 1046 2273 esse.

151 2583 228 2627 nem
256 2563 411 2647 quoniam
440 2562 563 2649 singuli
584 2564 710 2628 numeri
733 2567 813 2646 ΑΒ,
835 2564 906 2642 ΒΓ,
929 2565 1004 2644 ΓΔ,
1028 2565 1100 2625 ΔΕ

82 2689 179 2753 pares
216 2672 303 2754 sunl,
340 2673 467 2754 partem
500 2669 668 2734 dimidiam
698 2669 820 2733 habent
853 2665 935 2748 [VII
963 2665 1025 2731 def.
1049 2666 1097 2747 6].

83 2795 185 2858 quare
212 2776 313 2841 etiam
339 2779 429 2841 totus
453 2779 522 2839 ΑΒ
541 2778 668 2858 partem
692 2773 859 2839 dimidiam
882 2773 992 2838 habel.
1037 2795 1098 2856 par

82 2883 194 2946 autem
221 2867 374 2947 nuuierua
402 2882 430 2946 ie
459 2884 521 2966 est,
554 2882 610 2966 qui
636 2880 672 2945 in
699 2882 780 2945 duas
806 2884 917 2964 partes
946 2879 1097 2965 aequales

84 2985 242 3052 diuiditur
265 2986 341 3068 [id.].
387 3007 464 3073 ergo
488 2991 558 3051 ΑΒ
582 3008 643 3073 par
671 2989 735 3071 est,
763 2986 849 3071 quod
872 2989 943 3051 erat
965 2986 1098 3051 demon·

83 3092 261 3160 slrandum.

158 3286 184 3354 1)
202 3284 236 3340 u
256 3285 293 3340 ue
311 3282 375 3351 vu,
395 3288 438 3340 aa
