2348 3818
104 136 171 202 300
478 136 681 189 ΣΤΟΙΧΕΙΩΝ
698 132 739 203 η’.

165 275 201 344 ‘0
223 285 257 344 A
283 275 348 363 γάρ
375 275 437 345 τὸν
461 283 488 342 Ζ
511 275 805 355 πολλαπλασιάσας
830 273 891 343 τὸν
913 282 943 342 Θ
969 282 1119 361 ποιείτω,

104 383 258 470 ἑκάτερος
281 383 320 450 δὲ
343 386 412 450 τάν
437 392 481 468 A,
502 390 529 449 Ζ
551 382 612 450 τὸν
635 390 665 450 Θ
685 381 980 462 πολλαπλασιάσας
1009 382 1119 451 ἑκάτε-

104 514 166 572 ρον
188 492 257 556 τάν
280 495 328 574 K,
349 495 380 554 A
401 494 546 556 ποιείτω.

38 675 41 680 Ι
170 595 238 661 Καὶ
261 596 334 662 ἐπεί
354 597 446 663 ἐστιν
469 592 514 674 ὡς
540 594 562 680 ἡ
586 600 619 662 Γ
641 593 748 680 μονὰς
769 594 854 683 πρὸς
876 593 938 662 τὸν
962 602 997 662 A
1020 592 1120 681 άριθ-

68 700 185 788 σμόν,
209 701 316 792 οὕτως
339 697 358 768 6
383 709 417 766 A
439 699 524 789 πρὸς
545 699 606 768 τὸν
629 707 670 785 Ε,
694 702 804 780 ἰσάκις
824 699 892 787 άρα
915 698 936 787 ἡ
960 707 994 769 Γ
1012 699 1121 787 μονάς

103 806 164 876 τὸν
188 816 221 874 A
244 803 395 893 άριθμὸν
418 820 531 895 μετρεῖ
550 806 607 873 καὶ
630 803 648 874 6
673 815 707 873 A
728 806 789 875 τὸν
811 815 851 875 Ε.
895 805 917 893 ἡ
941 806 979 875 δὲ
1002 813 1037 874 Γ
1060 832 1120 893 μο-

102 912 166 994 νάς
191 913 252 982 τὸν
281 920 315 979 A
342 909 492 999 άριθμὸν
523 925 637 998 μετρεῖ
661 910 743 978 κατά
771 911 830 993 τάς
858 916 895 981 ἐν
921 917 968 1004 τῷ
998 920 1033 980 Δ
1060 940 1118 999 μο-

103 1018 222 1099 νάδας·
246 1018 302 1086 καὶ
326 1015 344 1086 6
369 1027 402 1085 A
425 1015 493 1104 άρα
515 1014 664 1104 ἀριθμὸς
685 1016 746 1085 τὸν
769 1025 801 1085 Ε
821 1031 937 1105 μετρεῖ
956 1018 1042 1087 κατὰ
1059 1017 1120 1098 τάς

104 1128 141 1193 ἐν
163 1129 208 1213 τῷ
233 1134 267 1191 A
290 1123 451 1210 μονάδας·
480 1119 498 1189 6
523 1131 556 1189 A
579 1121 645 1210 άρα
674 1123 795 1192 ἑαυτὸν
823 1125 1120 1205 πολλαπλασιάσας

53 1254 86 1301 10
104 1229 165 1300 τὸν
187 1238 220 1299 Ε
240 1235 428 1315 πεποίηκεν.
472 1228 585 1313 πάλιν,
609 1231 682 1296 ἐπεί
702 1230 793 1296 ἐστιν
817 1227 862 1310 ὡς
884 1227 905 1316 ἡ
929 1236 963 1298 Γ
982 1231 1118 1317 [μονάς]

103 1335 187 1422 πρὸς
209 1336 270 1403 τὸν
294 1343 327 1401 A
350 1333 512 1420 άρνδμόν,
535 1334 642 1413 οὕτως
665 1331 683 1401 6
708 1341 741 1400 E
760 1332 844 1420 πρὸς
861 1335 923 1403 τὸν
942 1345 985 1422 Α,
1009 1338 1120 1417 ἰσάκις

104 1447 170 1529 άρα
202 1439 223 1528 ἡ
247 1447 280 1508 Γ
305 1439 411 1527 μονάς
432 1439 492 1508 τὸν
516 1449 549 1507 A
572 1437 723 1526 άριθμόν
746 1455 859 1527 μετρεῖ
879 1443 935 1509 καὶ
960 1441 978 1511 6
1002 1451 1036 1510 E
1057 1443 1119 1512 τὸν

104 1559 144 1618 A.
189 1546 210 1636 ἡ
239 1547 276 1616 δὲ
303 1554 336 1616 Γ
359 1546 465 1634 μονάς
491 1545 552 1614 τὸν
581 1555 615 1613 A
642 1544 791 1632 ἀριθμὸν
819 1562 933 1635 μετρεῖ
951 1548 1038 1616 κατά
1061 1548 1121 1629 τὰς

104 1658 141 1725 ἐν
163 1659 209 1748 τῷ
234 1664 267 1722 A
295 1653 458 1740 μονάδας·
485 1652 541 1719 καὶ
570 1649 588 1719 6
617 1659 649 1719 E
674 1651 740 1740 άρα
762 1651 823 1721 τὸν
846 1665 878 1722 A
901 1668 1015 1742 μετρεῖ
1036 1653 1121 1722 κατὰ

53 1785 85 1832 15
104 1762 163 1842 τάς
187 1765 224 1830 ἐν
247 1765 292 1853 τῷ
317 1769 351 1826 A
374 1758 536 1845 μονάδας·
562 1756 580 1825 6
604 1767 638 1824 A
656 1756 721 1843 άρα
739 1760 801 1827 τὸν
820 1768 853 1827 Ε
869 1761 1119 1830 πολλαπλασιά-

105 1888 165 1948 σας
193 1867 254 1935 τὸν
282 1875 314 1933 A
340 1871 526 1950 πεποίηκεν.
573 1862 627 1930 διὰ
654 1861 694 1929 τὰ
722 1862 807 1932 αὐτὰ
840 1866 882 1952 δὴ
915 1868 970 1934 καὶ
1004 1865 1022 1933 6
1057 1867 1120 1952 μὲν

104 1983 131 2041 Ζ
156 1971 276 2040 ἑαυτὸν
299 1970 592 2050 πολλαπλασιάσας
619 1968 679 2037 τὸν
707 1977 747 2037 Η
769 1978 962 2058 πεποίηκεν,
990 1970 1052 2040 τὸν
1081 1972 1120 2041 δὲ

104 2086 144 2147 Η
167 2078 459 2156 πολλαπλασιάσας
486 2076 546 2145 τὸν
574 2084 603 2142 Β
630 2082 817 2162 πεποίηκεν.
862 2080 918 2145 καὶ
947 2078 1016 2146 ἐπεὶ
1041 2076 1060 2146 6
1086 2089 1120 2145 A

105 2183 228 2253 ἑαυτὸν
260 2184 322 2270 μὲν
353 2181 647 2262 πολλαπλασιάσας
678 2179 738 2250 τὸν
770 2190 802 2250 Ε
831 2192 1025 2271 πεποίηκεν,
1058 2183 1118 2253 τὸν

51 2320 85 2368 20
104 2291 142 2358 δὲ
175 2297 203 2356 Ζ
235 2287 527 2367 πολλαπλασιάσας
556 2287 617 2354 τὸν
645 2296 673 2356 Θ
701 2295 895 2375 πεποίηκεν,
928 2295 1019 2358 ἔστιν
1053 2289 1118 2375 άρα

105 2394 150 2477 ὦς
178 2393 196 2463 6
227 2405 261 2462 A
288 2392 370 2479 πρὸς
397 2392 458 2461 τὸν
482 2400 524 2478 Ζ,
553 2391 659 2472 οὕτως
687 2392 704 2462 6
730 2403 762 2462 E
782 2394 867 2482 πρὸς
892 2421 953 2463 τον
976 2404 1014 2464 Θ.
1061 2394 1117 2463 διά

103 2500 143 2569 τά
177 2499 261 2570 αὐτὰ
295 2499 337 2587 δὴ
369 2500 425 2568 καὶ
457 2497 547 2580 οἱς-ὁ
577 2508 610 2565 A
636 2499 720 2586 πρὸς
746 2500 806 2569 τὸν
835 2508 878 2586 Ζ,
907 2502 1014 2581 οὕτως
1042 2500 1061 2570 6
1090 2510 1118 2570 Θ

105 2609 188 2696 πρὸς
215 2607 274 2677 τὸν
302 2614 344 2676 Η.
391 2607 447 2674 καὶ
476 2604 521 2686 ὡς
549 2605 615 2692 άρα
643 2603 661 2673 6
691 2614 723 2673 Ε
747 2606 832 2693 πρὸς
858 2607 919 2676 τὸν
942 2615 985 2693 Θ,
1011 2606 1118 2687 οὕτως

105 2714 122 2783 6
154 2724 182 2784 Θ
209 2717 291 2798 πρὸς
321 2712 382 2781 τὸν
410 2720 453 2780 Η.
497 2712 614 2797 πάλιν,
648 2713 718 2779 ἐπεὶ
746 2709 763 2778 6
794 2721 828 2778 A
860 2714 1018 2800 ἑκάτερον
1049 2718 1119 2781 τῶν

51 2852 85 2901 25
104 2829 149 2905 E,
169 2829 198 2888 Θ
220 2817 512 2897 πολλαπλασιάσας
535 2817 692 2902 ἑκάτερον
715 2821 783 2884 τῶν
807 2826 852 2903 Α,
872 2825 906 2884 Κ
926 2825 1118 2905 πεποίηκεν,

104 2931 194 2993 ἔστιν
226 2924 292 3008 άρα
323 2920 367 3003 άς
400 2920 418 2990 6
447 2930 478 2990 E
503 2922 587 3010 πρὸς
619 2923 680 2991 τὸν
707 2930 749 3008 Θ,
784 2923 890 3003 οὕτως
920 2920 938 2990 6
971 2931 1003 2990 A
1035 2923 1119 3012 πρὸς

103 3029 163 3098 τὸν
187 3037 228 3096 K.
274 3027 346 3096 ἀλλ’
378 3027 423 3109 ὡς
446 3027 464 3096 6
489 3036 521 3095 Ε
540 3027 624 3114 πρὸς
646 3028 707 3096 τὸν
731 3036 773 3113 Θ,
804 3025 909 3109 οὕτως
932 3027 950 3097 6
976 3039 1009 3097 A
1033 3029 1117 3117 πρὸς

102 3133 162 3204 τὸν
191 3143 230 3202 Ζ·
264 3135 319 3201 καὶ
348 3132 392 3215 ὡς
419 3134 485 3223 άρα
513 3133 531 3203 6
561 3143 594 3201 A
621 3133 704 3220 πρὸς
734 3134 795 3203 τὸν
823 3142 866 3221 Ζ,
897 3135 1004 3214 οὕτως
1034 3133 1052 3203 6
1085 3143 1117 3202 A

174 3319 199 3366 4.
220 3307 307 3383 ἐστιν]
328 3328 412 3382 supra
429 3330 465 3367 m.
486 3319 500 3366 1
520 3311 553 3366 V.
614 3317 639 3366 8.
658 3312 707 3365 καλ
727 3307 742 3364 6
763 3317 788 3365 A
807 3307 863 3379 άρα
876 3341 912 3352 -
927 3317 957 3365 9:
977 3308 1115 3381 μονάδας]

102 3402 158 3454 mg.
179 3402 214 3437 m.
237 3391 249 3436 1
271 3384 329 3452 Ρφ.
392 3389 416 3436 8.
440 3380 513 3467 ἄρα]
534 3400 591 3437 om:
606 3381 638 3437 B.
711 3376 851 3452 ἀριθμός]
871 3382 1008 3451 σπιλλφ.
1076 3388 1116 3436 10.

101 3457 239 3524 πεποίηκε
258 3454 321 3525 Vm.
400 3453 506 3525 μονας]
526 3469 579 3507 om.
599 3453 630 3506 P.
710 3458 752 3506 12.
776 3453 813 3523 Γ]
832 3469 848 3506 θ
867 3469 937 3508 corr.
956 3452 990 3507 V.
1074 3458 1115 3505 11.
