2310 3824
337 149 612 200 nnnnnnnonnn
630 150 739 200 amna
758 150 817 202 vn.
1022 147 1086 213 193

138 292 204 355 iam
224 291 252 356 si
269 295 337 356 ΓΛ
354 293 488 357 metitur
509 295 583 374 AB,
603 294 635 354 et
653 290 752 355 etiam
771 312 805 355 ee
824 291 932 375 ipsum
946 292 1088 376 metitur,

71 401 136 463 ΓΔ
159 399 338 462 eommunis
363 399 425 463 erin
448 419 599 462 mensura
621 418 830 462 numerorum
848 400 920 483 ΓΔ,
938 402 1012 463 ΑΒ.
1055 401 1087 462 et

71 504 221 589 adparei,
258 525 332 569 eum
369 506 468 569 etiam
505 504 681 568 maximam
719 524 798 568 esse.
855 526 959 590 neque
1001 504 1087 569 enim

73 611 159 675 ullus
181 630 333 674 numerus
356 632 492 674 numero
516 613 579 674 ΓΛ
602 610 707 673 maior
729 610 881 674 meiietur
903 614 976 675 ΓΛ.

139 719 174 780 at
203 716 230 779 si
257 719 321 781 ΓΔ
347 738 414 781 non
446 715 581 780 metitur
613 718 678 778 AB
684 763 693 796 ‚
723 715 848 780 minore
878 738 1087 781 numerorum

71 827 151 906 AB,
175 825 239 886 ΓΔ
268 843 394 904 semper
421 821 565 885 uicissim
594 842 613 884 a
641 821 763 884 maiore
792 821 959 886 subtracto
989 822 1086 886 relin-

312 931 427 1011 quetur
444 948 596 990 numerus
613 926 740 1010 aliquis,
762 927 817 1010 qui
830 928 977 1010 proxime
997 950 1016 992 a
1039 932 1089 992 te-

312 1034 479 1099 oedentem
502 1033 664 1096 metietur.
709 1032 818 1097 unitas
837 1034 923 1097 enim
947 1055 1014 1097 non
1038 1055 1086 1096 re·

311 1141 486 1224 linquetur3
521 1139 571 1203 sin
604 1138 725 1221 minus,
749 1142 827 1222 AB,
849 1142 909 1204 ΓΔ
939 1140 1025 1203 inter
1054 1161 1088 1203 se

153 1263 196 1312 ,z
312 1246 408 1330 primi
431 1250 525 1310 erunh
549 1247 654 1328 [prop.
672 1243 716 1328 I];
741 1245 827 1329 quod
846 1249 960 1311 eontra
983 1246 1086 1330 hypo-

155 1318 173 1525 ]
226 1367 244 1391 Τ
247 1414 276 1464 H
312 1350 431 1414 thesim
463 1353 519 1414 est.
572 1371 649 1435 ergo
672 1373 824 1416 numerus
850 1353 970 1437 aliquis
995 1352 1088 1416 relin-

174 1496 199 1545 A
234 1402 237 1516 i
314 1459 443 1542 quatur,
471 1457 527 1539 qui
556 1456 702 1539 proxime
726 1458 969 1525 antecedentem
997 1458 1090 1523 meti·

315 1566 395 1627 etur.
445 1566 478 1626 et
505 1565 568 1626 ΓΛ
600 1563 736 1626 metiens
769 1567 836 1627 BE
861 1565 1024 1648 relinquat
1056 1586 1090 1628 ee

73 1671 145 1754 ipso
183 1670 343 1733 minorem
376 1673 454 1752 EA,
480 1672 546 1731 EA
579 1671 688 1731 autom
721 1672 787 1731 ΛΖ
824 1668 959 1733 metiens
993 1669 1090 1733 relin-

74 1780 154 1861 quat
188 1798 222 1840 se
264 1777 336 1859 ipso
374 1776 532 1839 minorem
571 1776 639 1855 ΖΓ,
664 1776 725 1837 ΓΖ
758 1777 866 1837 autem
903 1778 972 1838 AE
1002 1774 1092 1838 meti-

75 1886 160 1948 atur.
220 1881 287 1946 iam
323 1881 476 1966 qnoniam
513 1883 573 1944 ΓΖ
610 1879 742 1942 metitur
773 1882 852 1961 AE,
881 1883 949 1946 ΑΕ
984 1884 1092 1944 autem

74 1992 143 2052 ΛΖ
171 1987 320 2071 metitur,
348 1987 446 2050 etiam
473 1989 535 2051 ΓΖ
563 1987 713 2050 metietur
736 1988 811 2049 AZ.
857 1986 1091 2050 uerumetiam

74 2117 110 2160 se
147 2095 255 2178 ipsum
291 2095 432 2157 metitur,
479 2115 578 2177 quare
611 2093 709 2156 etiam
742 2094 848 2156 totum
880 2095 948 2157 ΓΛ
980 2094 1091 2157 metie-

78 2207 142 2265 tur.
189 2199 244 2264 sed
272 2202 334 2264 ΓΔ
362 2198 496 2263 metitur
523 2203 600 2282 BE3
628 2219 726 2281 quare
750 2199 849 2262 etiam
872 2200 934 2261 ΓΖ
960 2200 1092 2264 met'tur

78 2311 153 2371 ΒΕ.
199 2328 311 2370 uerum
335 2307 434 2369 etiam
458 2310 524 2369 EA
547 2306 687 2369 meiitur.
735 2326 833 2388 quare
857 2304 957 2369 etiam
985 2309 1092 2371 totum

76 2418 143 2478 BA
171 2413 328 2477 metietur.
375 2434 488 2475 uerum
518 2412 616 2476 etiam
645 2414 709 2475 ΓΔ
736 2410 877 2476 metitur.
928 2432 1006 2496 ergo
1031 2415 1092 2477 ΓΖ

76 2520 209 2584 metitur
233 2522 314 2601 AB,
333 2522 403 2584 ΓΔ.
450 2517 560 2601 itaque
583 2519 645 2580 ΓΖ
669 2518 849 2581 eommunis
873 2521 924 2581 est
942 2540 1093 2584 mensura

76 2645 286 2690 numerorum
305 2630 380 2709 AB,
400 2627 470 2689 ΓΛ.
516 2623 588 2688 dico
606 2623 681 2706 iam,
705 2644 778 2686 eum
798 2624 897 2687 etiam
916 2624 1091 2689 maximam

76 2754 157 2797 osse.
211 2753 288 2796 nam
321 2733 349 2795 si
380 2735 442 2796 ΓΖ
474 2751 681 2794 numerorum
715 2733 793 2811 AB,
818 2731 880 2792 ΓΛ
912 2730 1092 2794 communis

77 2860 229 2904 mensura
265 2837 408 2902 maxima
444 2859 510 2902 non
548 2839 610 2914 est,
643 2834 765 2919 ‚aliquis
802 2856 954 2899 numerus
990 2837 1094 2902 maior

76 2966 212 3010 numero
246 2946 307 3008 ΓΖ
338 2965 490 3008 numeros
520 2947 598 3026 AB,
621 2944 684 3006 ΓΛ
715 2940 876 3005 metietur.
930 2942 1093 3028 metiatur,

77 3054 111 3116 et
133 3051 177 3115 sit
199 3054 243 3114 H.
290 3053 323 3114 et
346 3050 500 3134 quoniam
522 3052 561 3112 H
576 3048 709 3111 metitur
730 3049 802 3131 ΓΛ,
820 3049 883 3110 ΓΔ
901 3051 1011 3112 autem
1030 3054 1096 3113 BE

79 3333 146 3403 ΖΓ]
168 3330 323 3412 ΓΖιΒΓρ.
411 3328 623 3419 Mim'ss',
679 3333 720 3382 14.
739 3327 812 3415 Ambe
832 3321 1094 3414 ἐπείξηῖζθεῇεὸ

81 3400 113 3457 δὲ
139 3404 195 3455 ΕΑ
214 3405 326 3470 (mres.
346 3421 383 3457 m.
403 3402 431 3470 2)
452 3420 556 3456 εαυτου
576 3394 713 3455 &hononore
732 3419 765 3454 oo
785 3405 885 3469 μετρεῖ
893 3419 925 3452 το
941 3401 1002 3467 (τον
1015 3414 1050 3451 m.
1066 3401 1094 3464 2)

82 3476 140 3527 PZ.
214 3478 256 3526 21.
277 3469 338 3528 ἔστί
353 3471 415 3539 BV,
434 3488 524 3541 comp.
543 3489 571 3540 p.

131 3567 284 3622 Eucliden,
299 3571 347 3614 edd,
362 3570 464 3622 Heiberg
479 3573 503 3613 et
517 3571 609 3624 Menge.
635 3571 675 3617 11.
831 3596 834 3600 ⁴
920 3560 961 3605 Ϋῧ
