2348 3818
86 149 152 214 258
466 151 668 203 Στοιχεταα
686 145 722 216 ς’.

85 292 272 371 πλασιάσας
298 291 359 360 τὸν
387 300 421 359 A
447 298 643 378 πεποίηκεν,
674 289 693 359 6
721 291 759 360 δὲ
786 299 814 358 Β
842 289 902 358 τὸν
926 298 954 358 Ζ
981 297 1103 358 πολλα-

85 398 271 477 πλασιάσας
292 395 352 465 τὸν
367 405 401 464 A
423 403 614 483 πεποίηκεν·
639 403 711 477 λσος
733 396 800 485 άρα
823 398 913 466 ἐστὶν
937 393 956 465 6
980 398 1018 463 ἐκ
1035 400 1104 465 τῶν

85 513 133 589 Α,
153 511 185 571 E
204 507 249 595 τῷ
275 506 310 571 ἐκ
333 507 402 572 τῶν
425 511 469 589 Β,
490 511 525 571 Ζ.
565 508 656 571 ἔστιν
679 501 746 591 άρα
769 501 814 584 ὥς
838 500 855 572 6
879 514 911 571 A
934 503 1020 589 πρὸς
1042 501 1105 594 τὸν

84 618 128 697 Β,
157 608 264 690 οὕτως
287 607 305 678 ὁ
331 618 359 677 Ζ
381 608 464 699 πρὸς
487 609 547 678 τὸν
571 617 610 678 Ε.
656 612 690 677 ολ
712 609 750 678 δὲ
772 618 819 697 A,
843 618 871 677 Β
895 613 1039 699 πρῶτοι,
1070 613 1106 677 ολ

49 733 65 784 5
85 715 123 784 δὲ
140 720 266 804 πρῶτοι
285 717 341 784 καλ
360 717 537 804 ἐλάχιστοι,
557 720 592 785 ολ
609 715 647 784 66
666 715 833 804 ἐλάχιστοι
847 720 1007 805 μετροῦσι
1021 714 1105 795 τοὺς

83 820 143 890 τὸν
167 820 272 891 αὐτὸν
296 824 399 910 λόγον
424 827 561 910 ἔχοντας
583 822 692 903 ἰσάκις
717 823 790 891 ὅτε
815 829 936 910 μείζων
952 821 1015 891 τὸν
1032 831 1104 910 μεί-

86 935 164 1011 ζονα
191 930 247 996 καὶ
275 928 293 999 6
322 931 473 998 ἐλάσσων
500 928 561 997 τὸν
585 930 763 997 ἐλάσσονα·
801 927 819 997 ὁ
843 938 873 998 Β
897 928 963 1019 άρα
985 929 1047 998 τὸν
1072 938 1106 998 Ε

84 1050 204 1124 μετρεῖ,
223 1033 269 1114 ὡς
287 1034 448 1120 ἑπόμενος
468 1033 643 1120 ἑπόμενον.
674 1034 731 1101 καὶ
750 1034 820 1102 ἐπεὶ
840 1031 906 1101 ὁΑ
922 1031 1002 1113 τοὺς
1016 1042 1056 1119 Β,
1072 1042 1107 1101 Β

83 1140 377 1219 πολλαπλασιάσας
403 1137 482 1218 τοὺς
505 1145 543 1225 Γ,
568 1148 602 1207 A
628 1145 823 1226 πεποίηκεν,
851 1145 941 1209 ἔστιν
964 1139 1031 1229 άρα
1056 1138 1104 1221 ὡς

32 1265 64 1313 10
84 1245 102 1315 6
127 1255 156 1314 Β
179 1245 263 1335 πρὸς
285 1244 345 1313 τὸν
368 1253 410 1332 Ε,
433 1246 540 1325 οὕτως
564 1243 581 1314 ὁ
606 1252 638 1313 Γ
657 1246 740 1335 πρὸς
762 1245 822 1314 τὸν
845 1255 886 1317 A.
928 1259 1040 1334 μετρεῖ
1062 1247 1103 1315 66

84 1350 102 1420 6
131 1361 159 1420 Β
189 1351 250 1420 τὸν
279 1359 321 1417 E·
358 1366 471 1439 μετρεῖ
496 1350 563 1441 άρα
589 1352 645 1420 καὶ
674 1349 692 1419 6
722 1359 755 1419 Γ
777 1352 838 1421 τὸν
867 1360 900 1419 A
931 1350 949 1420 6
977 1359 1102 1439 μείζων

82 1456 143 1526 τὸν
167 1458 346 1526 ἐλάσσονα·
384 1458 466 1547 ὅπερ
490 1459 581 1526 ἐστὶν
604 1456 785 1527 ἀδύνατον.
828 1456 890 1526 οὐκ
913 1457 980 1547 άρα
1003 1461 1039 1526 οἱ
1055 1469 1102 1546 A,

81 1571 111 1631 Β
134 1569 297 1653 μετροῦσί
316 1591 391 1632 τινα
416 1561 566 1653 άριθμὸν
589 1563 756 1633 ἐλάσσονα
780 1563 863 1634 ὅντα
881 1568 942 1653 τοῦ
961 1571 997 1633 Γ.
1032 1562 1050 1632 ὁ
1072 1572 1107 1634 Γ

82 1671 148 1759 άρα
172 1672 342 1758 ἐλάχιστος
366 1668 414 1741 &v
437 1669 504 1740 ὑπὸ
528 1675 596 1741 τῶν
619 1681 662 1758 Α,
685 1679 715 1739 Β
733 1685 908 1761 μετρεῖται.

13 1795 62 1844 ⁰15
150 1776 210 1864 Μὴ
239 1784 386 1847 ἔστωσαν
415 1777 456 1864 δὴ
486 1779 522 1845 ολ
542 1787 590 1864 A,
613 1785 642 1844 Β
665 1781 791 1865 πρῶτοι
814 1775 898 1863 πρὸς
920 1773 1101 1863 ἀλλήλους,

81 1884 137 1951 καὶ
161 1884 379 1971 εἰλήφθωσαν
404 1885 569 1971 ἐλάχιστοι
593 1881 733 1972 άριθμολ
751 1893 819 1950 τῶν
837 1882 897 1950 τὸν
917 1879 1022 1949 αὐτὸν
1041 1883 1101 1950 λό-

81 2017 144 2075 γον
173 1992 319 2078 ἐχόντων
347 2003 417 2068 τοῖς
439 1999 486 2074 Α,
510 1997 538 2056 Β
563 1995 598 2057 οἱ
620 1999 662 2076 Ζ,
686 1997 729 2057 Ε·
767 1999 839 2069 λ’σος
866 1987 933 2078 άρα
961 1989 1054 2056 ἐστὶν
1082 1989 1100 2056 6

82 2097 118 2162 ἐκ
140 2099 207 2162 τῶν
231 2105 274 2182 A,
298 2103 330 2163 E
350 2099 395 2187 τῷ
421 2098 456 2162 ἐκ
474 2099 542 2162 τῶν
560 2103 600 2181 Β,
615 2104 651 2163 Ζ.
685 2095 741 2162 καὶ
761 2093 778 2163 6
799 2103 830 2162 A
848 2093 908 2162 τὸν
928 2103 959 2161 Ε
975 2103 1101 2163 πολλα·

81 2198 266 2280 πλασιάσας
288 2200 348 2269 τὸν
362 2207 395 2268 Γ
414 2208 561 2268 ποιείτω·
594 2202 649 2267 καὶ
674 2199 692 2268 6
711 2209 739 2268 Β
763 2199 829 2288 άρα
852 2199 955 2268 τὸνΖ
977 2209 1100 2269 πολλα-

29 2328 64 2376 20
83 2305 267 2386 πλασιάσας
290 2305 350 2375 τὸν
373 2313 405 2374 Γ
424 2313 614 2393 πεποίηκεν·
648 2310 683 2375 ολ
704 2317 747 2393 Α,
771 2316 799 2374 Β
823 2306 888 2395 άρα
911 2305 971 2374 τὸν
992 2313 1025 2373 Γ
1044 2335 1099 2393 με·

81 2418 229 2501 τροῦσιν.
276 2414 359 2498 λέγω
394 2413 452 2498 δή,
485 2413 536 2479 ὅτι
568 2413 623 2480 καὶ
657 2415 839 2501 ἐλάχιστον.
881 2417 912 2481 εἰ
943 2412 1007 2501 γάρ
1039 2416 1098 2501 μή,

81 2520 286 2605 μετρήσουσί
301 2544 376 2585 τινα
395 2515 543 2606 ἀριθμὸν
560 2520 595 2585 ολ
605 2528 648 2604 Α,
662 2526 691 2585 Β
709 2519 874 2587 ἐλάσσονα
888 2518 969 2587 ὅντα
984 2523 1046 2586 τοῦ
1059 2527 1098 2588 Γ.

81 2631 303 2714 μετρείτωσαν
331 2622 390 2692 τὸν
415 2633 457 2692 Δ.
497 2624 553 2692 καὶ
581 2621 696 2704 ὁσάκις
719 2625 780 2711 μὲν
803 2621 821 2692 6
845 2635 877 2692 A
899 2623 960 2692 τὸν
985 2632 1018 2691 A
1041 2653 1099 2711 με-

79 2745 165 2819 τρεῖ,
188 2735 349 2799 τοσαῦται
372 2732 517 2818 μονάδες
541 2736 689 2799 ἔστωσαν
713 2733 749 2798 ἐν
772 2735 817 2823 τῷ
840 2738 890 2816 Η,
919 2728 1035 2812 ὁσάκις
1059 2734 1100 2800 δὲ

26 2858 60 2906 25
81 2833 98 2905 6
114 2844 142 2903 Β
161 2836 222 2904 τὸν
242 2845 275 2903 A
293 2852 414 2925 μετρεῖ,
437 2841 597 2906 τοσαῦται
615 2836 760 2924 μονάδες
778 2843 926 2905 ἔστωσαν
942 2839 1037 2929 ἐντῷ
1057 2847 1097 2908 Θ.

80 2940 97 3011 ὁ
123 2941 184 3028 μὲν
199 2951 230 3010 A
253 2942 320 3033 άρα
338 2943 400 3013 τὸν
412 2952 453 3013 Η
466 2944 760 3023 πολλαπλασιάσας
776 2941 837 3012 τὸν
854 2952 885 3010 A
903 2949 1096 3032 πεποίηκεν,

80 3047 97 3118 6
123 3050 160 3117 δὲ
179 3058 207 3116 Β
226 3050 287 3118 τὸν
307 3058 335 3118 Θ
357 3052 649 3131 πολλαπλασιάσας
667 3049 727 3118 τὸν
747 3057 780 3116 A
798 3055 984 3136 πεποίηκεν.
1022 3060 1097 3132 ἴσος

153 3269 177 3317 3.
197 3263 237 3334 Α]
257 3263 356 3332 (prius)
375 3280 444 3318 corr.
465 3281 499 3318 ex
516 3263 593 3318 AV.
650 3267 673 3316 ὅ.
694 3261 892 3331 μετροῦσινΒ.
949 3268 973 3317 9.
995 3266 1025 3330 Γ,
1050 3265 1094 3354 Δ]

80 3337 224 3421 Fpostea
248 3335 345 3388 insert.
364 3353 401 3388 m.
430 3340 444 3387 1
469 3353 500 3405 p,
523 3336 588 3403 post
607 3340 633 3386 A
653 3340 667 3387 1
686 3333 741 3389 litt
762 3303 1094 3402 θτνε.11.άρά]δε

30 3426 138 3532 5335
154 3401 516 3548 λιελῗνάάτλάιῗὲ
517 3400 866 3548 ...2232655532252’2333054
883 3404 1097 3544 ..W
