2348 3818
101 158 167 224 312
478 161 680 215 ΣΤοΙΧΕΙΩΝ
697 155 737 228 η’.

99 300 162 386 γόν
186 306 288 386 είσιν,
310 301 367 367 καὶ
389 315 503 389 μετρεῖ
523 300 541 369 6
569 308 602 367 A
628 299 688 369 τὸν
715 308 760 385 Β,
786 314 897 389 μετρεῖ
924 301 993 391 άρα
1014 307 1071 373 καὶ
1094 304 1113 375 6

99 415 132 473 A
158 405 219 474 τὸν
247 415 285 474 Ε.
329 412 389 474 καί
413 408 502 474 ἐστιν
526 407 573 486 ὡς
595 403 614 473 6
638 415 670 473 A
692 407 776 491 πρὸς
801 406 861 475 τὸν
887 415 934 495 Ε,
962 404 1109 492 οὕτωςὸ

99 518 132 579 Γ
149 511 233 600 πρὸς
255 511 316 581 τὸν
339 521 385 580 A·
408 526 522 599 μετρεῖ
541 510 608 600 ἄρα
630 512 686 579 καὶ
710 509 728 581 6
751 519 783 580 Γ
801 511 863 581 τὸν
885 521 927 583 Δ.

165 618 278 687 Πάλιν
306 619 348 704 δή
378 615 397 687 6
421 625 453 686 Γ
474 617 535 687 τὸν
558 626 592 686 A
614 623 785 706 μετρείτω·
811 620 912 706 λέγω,
936 618 989 689 ὅτι
1012 621 1070 690 καί
1092 648 1111 689 ο

64 733 131 792 5A
152 724 214 793 τὸν
236 732 265 792 Β
288 737 408 813 μετρεῖ.

169 835 244 900 Τῶν
267 831 332 919 γάρ
355 828 469 900 αὐτῶν
490 832 831 898 κατασκευασθέντων
859 828 983 917 ὁμοίως
1007 836 1113 914 δείξο-

98 963 176 1023 μεν,
204 935 255 1006 ὅτι
279 940 315 1006 οἱ
335 946 381 1024 A,
399 945 443 1023 Β,
462 944 490 1004 Β
514 938 588 1023 ἑξής
610 934 782 1023 ἀνάλογόν
804 942 890 1005 είσιν
913 941 1021 1030 ἐντῷ
1049 943 1114 1008 τοῦ

98 1050 131 1111 Γ
154 1042 238 1131 πρὸς
264 1043 326 1111 τὸν
355 1052 388 1111 A
415 1043 513 1135 λόγῳ.
558 1043 614 1111 καὶ
642 1046 716 1112 ἐπεί
739 1046 831 1112 ἐστιν
853 1041 899 1124 ὡς
925 1041 944 1112 ὁ
971 1050 1006 1112 Γ
1028 1043 1113 1134 πρὸς

96 1149 158 1219 τὸν
182 1158 231 1236 A,
263 1148 369 1229 οὕτως
396 1147 415 1217 6
438 1157 471 1216 A
493 1147 576 1236 πρὸς
598 1152 658 1219 τὸν
681 1159 725 1237 Ε,
753 1164 866 1239 μετρεῖ
891 1150 930 1218 66
952 1147 971 1219 6
995 1158 1027 1219 Γ
1051 1150 1112 1219 τὸν

49 1272 81 1321 10
101 1265 149 1343 A,
177 1270 291 1344 μετρεῖ
315 1254 381 1343 άρα
407 1256 463 1322 καί
493 1255 511 1323 6
535 1265 568 1324 A
590 1255 651 1324 τὸν
674 1265 712 1328 Ε.
756 1263 816 1324 καί
836 1261 922 1325 είσιν
946 1258 982 1324 οί
1003 1266 1047 1343 Α,
1072 1266 1112 1343 Β,

97 1370 126 1431 Β
151 1363 225 1448 ἑξῇς
247 1360 433 1447 ἀνάλογον·
455 1376 569 1449 μετρεῖ
589 1361 656 1449 άρα
677 1362 734 1429 καὶ
757 1360 775 1431 6
799 1372 832 1430 A
852 1363 914 1432 τὸν
937 1371 975 1432 Β.

161 1465 239 1534 Ἐὰν
272 1465 338 1552 άρα
367 1466 576 1556 τετράγωνος
607 1466 817 1555 τετράγωνον
850 1472 967 1558 μετρῇ,
1000 1470 1058 1537 καὶ
1090 1466 1112 1556 ἡ

96 1569 223 1659 πλευρά
246 1570 308 1659 τήν
330 1575 480 1662 πλευράν
503 1573 670 1662 μετρήσει·
693 1574 749 1640 καί
773 1573 833 1641 ἐάν
856 1573 878 1660 ἡ
900 1575 1030 1665 πλευρὰ
1048 1575 1113 1664 τήν

96 1679 246 1768 πλευράν
280 1683 398 1768 μετρῇ,
429 1680 485 1747 καὶ
515 1677 534 1748 6
568 1681 777 1767 τετράγωνος
805 1679 865 1748 τόν
896 1680 1114 1770 τετράγωνον

47 1800 78 1849 15
101 1786 269 1875 μετρήσει·
293 1786 373 1874 ὅπερ
398 1789 466 1853 ἔδει
490 1789 604 1867 δεῖξαι.

577 2005 627 2046 ιε.

160 2101 248 2171 Ἐάν
271 2102 394 2186 κύβος
416 2099 590 2190 ἀριθμὸς
615 2102 741 2188 κύβον
769 2101 945 2192 ἀριθμὸν
974 2112 1113 2195 μετρῇ,

95 2209 160 2277 καί
189 2205 210 2294 ἡ
239 2207 387 2294 πλευρά
414 2206 487 2293 τήν
514 2207 690 2296 πλευράν
717 2210 914 2297 μετρήσει·
946 2212 1012 2278 καί
1041 2211 1112 2280 ἐὰν

95 2312 115 2400 ή
140 2313 287 2401 πλευρὰ
310 2312 381 2400 τήν
403 2312 578 2400 πλευρὰν
604 2321 741 2404 μετρῇ,
763 2317 828 2384 καί
853 2314 870 2384 6
894 2315 1015 2403 κύβος
1039 2319 1111 2387 τὸν

43 2438 77 2487 20
96 2419 222 2505 κύβον
245 2418 439 2507 μετρήσει.

62 2608 65 2613 Ι
161 2523 278 2610 Κύβος
304 2523 370 2612 γάρ
400 2525 545 2614 ἀριθμὸς
573 2524 590 2594 6
615 2536 648 2595 A
669 2526 777 2612 κύβον
799 2525 860 2595 τὸν
883 2534 912 2595 Β
938 2535 1112 2615 μετρείτω,

93 2632 150 2700 καί
176 2635 237 2700 τοῦ
265 2631 327 2719 μὲν
355 2640 388 2699 Α
414 2631 540 2718 πλευρά
569 2637 652 2701 ἔστω
681 2630 699 2701 6
729 2639 773 2719 Γ,
799 2638 860 2702 τοτ’
890 2632 928 2700 66
954 2640 983 2701 Β
1012 2661 1031 2703 ο
1062 2645 1112 2701 A·

94 2739 196 2825 λέγω,
220 2736 272 2806 ὅτι
296 2737 314 2805 6
340 2744 372 2805 Γ
389 2736 450 2805 τὸν
473 2746 507 2805 A
529 2750 648 2827 μετρεῖ.

164 2849 192 2909 0
215 2848 247 2909 Γ
270 2839 335 2927 γάρ
359 2841 480 2910 ἑαυτὸν
503 2843 794 2923 πολλαπλασιάσας
820 2842 880 2911 τὸν
904 2851 936 2910 Ε
960 2852 1112 2932 ποιείτω,

41 2944 113 3017 266
143 2946 180 3014 βε
209 2955 242 3011 A
266 2944 387 3013 ἑαυτὸν
410 2949 702 3028 πολλαπλασιάσας
723 2946 784 3016 τὸν
812 2956 852 3015 Η
873 2953 1023 3035 ποιείτω,
1052 2952 1112 3018 καὶ

95 3057 142 3118 ἔτι
166 3078 184 3119 ο
209 3057 242 3118 Γ
258 3049 320 3119 τὸν
343 3061 377 3118 A
399 3053 690 3134 πολλαπλασιάσας
707 3051 767 3122 τὸν
787 3061 814 3121 Ζ
834 3059 1007 3141 [ποιείτω],
1033 3056 1112 3124 ἑκά-

167 3216 190 3266 1.
211 3207 265 3264 είσι
283 3209 343 3279 Vq).
403 3217 428 3264 2.
449 3212 489 3282 E]
510 3229 567 3280 seq.
585 3229 639 3267 ras.
660 3213 745 3269 1litt.
760 3213 793 3268 V.
854 3219 878 3270 3.
898 3219 1039 3285 μετρεῐ-
1056 3213 1111 3270 τόν

96 3283 137 3350 A]
157 3297 211 3334 om.
230 3281 261 3334 P.
351 3286 376 3338 4.
395 3279 481 3336 πάλιν
500 3279 554 3353 δή]
578 3279 648 3337 ἄλλα
673 3280 708 3352 δή
733 3286 866 3355 μετρείτω
890 3285 980 3353 Βλίφ.
1074 3284 1110 3358 6]

95 3353 143 3406 καὶ
162 3346 177 3407 ὁ
198 3352 259 3420 Vq).
351 3353 503 3424 μετρείτω]
523 3371 577 3410 om.
597 3354 688 3423 Bvqu.
779 3361 803 3410 9.
823 3362 923 3425 μετρεῖ
933 3361 1031 3410 -1οε
1056 3353 1111 3411 τόν

95 3423 136 3494 Ε]
157 3440 210 3478 om.
230 3421 261 3479 P.
324 3429 365 3477 10.
386 3418 455 3494 άρα]
474 3426 538 3492 post
556 3441 610 3478 ras.
630 3431 646 3478 2
666 3425 720 3480 litt.
740 3425 771 3478 Β.
838 3432 878 3480 12.
900 3427 989 3496 Supra
1007 3423 1110 3496 τετρά-

83 3513 181 3563 γωνος
209 3495 239 3551 εί
262 3489 441 3568 τετράγωνον
467 3493 497 3550 in
519 3495 543 3550 B
568 3513 623 3551 εοε.
646 3512 758 3565 mm.
775 3491 898 3565 ἀριθμός
918 3499 948 3551 et
970 3492 1109 3568 ἀριθμόν.
