2310 3824
86 141 152 207 208
365 180 368 185 -
462 143 664 195 ΣΤΟΙΧΕΙΩΝ
682 141 717 206 ζ’.

87 280 138 350 ὅτι
165 285 221 350 καί
249 282 366 364 λοιπὸς
394 280 412 352 6
436 293 499 352 ΕΒ
527 288 648 352 λοιποῦ
670 287 732 351 τοῦ
757 291 823 352 ΖΛ
844 281 885 351 τὰ
910 281 996 353 αὐτὰ
1021 287 1100 372 μέρη

87 390 193 474 έσπίυ,
216 388 300 478 ὅπερ
325 391 403 470 ὅλος
427 388 444 459 6
471 399 535 458 AB
559 391 643 459 ὅλου
664 394 729 459 τοῦ
751 396 821 458 ΓΔ.

153 503 292 565 Κείσθω
320 497 385 587 γὰρ
412 503 457 589 τῷ
490 507 556 566 ΑΒ
590 507 662 578 ίσος
694 496 712 567 6
745 506 821 566 ΗΘ.
867 495 888 564 ἃ
921 496 991 585 ἄρα
1022 500 1101 585 μέρη

87 603 178 670 ἐστὶν
207 602 225 672 6
254 611 323 672 ΗΘ
344 608 406 672 τοῦ
429 610 506 690 ΓΔ,
532 603 573 674 τὰ
598 603 683 672 αὐτὰ
712 607 794 692 μέρη
824 604 892 673 ἐστὶ
915 604 972 672 καὶ
997 603 1015 673 6
1040 612 1105 672 ΑΕ

53 713 149 785 ςποῦ
171 716 240 777 ΓΖ.
288 711 463 800 διῃρήσθω
489 708 504 779 ‹‘.
531 711 593 798 μὲν
616 717 684 779 ΗΘ
711 716 758 790 είς
779 709 820 778 τὰ
843 714 905 779 τοῦ
928 718 992 779 ΓΔ
1022 713 1103 800 μέρη

86 815 127 883 τὰ
150 822 237 902 ΗΚ,
256 823 333 901 ΚΘ,
357 814 375 884 6
400 817 438 885 ’δὲ
460 825 529 884 ΑΕ
550 822 597 896 είς
619 815 659 884 τὰ
682 821 746 885 τοῦ
770 823 830 884 ΓΖ
853 819 936 906 μέρη
960 804 1003 886 'vec
1026 825 1104 903 ΑΛ,

88 930 169 990 ΛΕ·
207 927 298 990 έσται
331 922 374 1009 δὴ
405 932 481 990 ίσου
512 921 549 990 τὸ
583 927 715 1009 πλῆθος
745 927 815 992 τῦυ
847 929 933 1008 ΗΚ,
957 931 1029 992 ΚΘ
1060 929 1103 1017 τῷ

87 1028 210 1115 πλήθει
243 1033 311 1098 τῶν
344 1036 428 1114 ΑΛ,
452 1035 526 1096 ΛΕ.
580 1029 637 1097 καὶ
669 1031 753 1114 έπεί,
786 1027 804 1097 6
838 1033 939 1116 μέρος
967 1031 1058 1098 ἐστὶν
1084 1028 1100 1098 ὁ

88 1142 162 1203 ΗΚ
178 1139 240 1202 τοῦ
259 1142 336 1221 ΓΔ,
359 1133 397 1202 τὸ
421 1133 503 1203 αὐτὸ
527 1137 626 1223 μέρος
649 1136 719 1204 ἐστὶ
741 1137 797 1203 καὶ
821 1133 839 1204 6
864 1146 896 1204 Α
902 1142 937 1207 Λ
951 1141 1016 1204 τοῦ
1031 1142 1097 1219 ΓΖ,

40 1269 73 1318 10
91 1248 211 1328 μείζων
235 1241 273 1309 δέ
297 1238 314 1309 6
339 1247 401 1308 ΓΔ
423 1245 484 1309 τοῦ
507 1248 578 1328 ΓΖ,
602 1248 722 1329 μείζων
745 1243 812 1329 ίίρα
833 1243 890 1308 καὶ
914 1239 932 1310 6
952 1249 1026 1311 HK
1039 1243 1094 1308 τοῦ

88 1355 165 1414 ΑΛ.
210 1352 337 1414 κείσθω
356 1351 401 1438 τῷ
422 1355 490 1414 ΑΛ
513 1357 586 1428 ίσος
609 1345 733 1416 ὅΗΜ.
771 1343 875 1434 ὅῦροι
894 1349 998 1434 μέρος
1016 1347 1098 1416 ἐστὶν

89 1450 107 1520 6
132 1459 205 1519 HK
224 1456 288 1520 τοῦ
309 1461 386 1539 ΓΔ,
414 1454 452 1522 τὸ
480 1452 563 1522 αὐτὸ
591 1456 691 1541 μέρος
718 1455 788 1522 ἐστὶ
815 1455 871 1521 καὶ
898 1450 917 1522 6
941 1461 1028 1521 HM
1045 1456 1102 1522 τοῦ

88 1566 163 1627 ΓΖ·
185 1561 241 1626 καὶ
264 1557 379 1639 λοιπὸς
402 1559 466 1648 ὅροι
491 1558 509 1629 6
534 1567 614 1628 ΜΚ
634 1564 755 1628 λοιποῦ
781 1564 843 1628 τοῦ
867 1567 937 1627 ΖΔ
958 1559 1000 1628 τὸ,
1024 1557 1103 1628 αὐτὸ

90 1668 190 1756 μέρος
212 1670 318 1754 ἐστίν,
342 1666 423 1755 ὅπερ
447 1666 525 1746 ὅλος
548 1665 567 1736 6
591 1675 668 1739 HK
691 1665 774 1736 ὅλου
800 1669 862 1734 τοῦ
886 1672 960 1734 ΓΔ.
1005 1667 1105 1735 πάλιν

41 1790 74 1839 15
93 1774 178 1858 ἐπεί,
208 1770 227 1842 ὅ
255 1778 354 1864 μέρος
384 1775 474 1842 ἐστὶν
503 1771 520 1841 6
545 1781 612 1841 ΚΘ
634 1776 695 1842 τοῦ
722 1779 795 1858 ΓΔ,
827 1771 865 1840 τὸ
895 1769 978 1840 αὐτὸ
1008 1774 1105 1860 μέρος

89 1880 157 1948 ἐστὶ
184 1881 239 1947 καὶ
272 1879 289 1948 6
318 1888 385 1948 ΕΛ
411 1885 473 1947 τοῦ
502 1885 577 1964 ΓΖ,
605 1886 725 1966 μείζων
754 1879 792 1947 δέ
820 1876 838 1946 6
862 1885 925 1946 ΓΛ
947 1883 1011 1947 τοῦ
1033 1886 1105 1964 ΓΖ,

89 1992 207 2071 μείζων
231 1985 299 2071 ὅροι
320 1987 376 2052 καὶ
401 1983 428 2063 ὁ4
443 1993 511 2052 ΘΚ
532 1987 592 2052 τοῦ
615 1993 688 2052 ΕΛ.
734 1992 859 2053 κείσθω
883 1988 929 2075 τῷ
949 1992 1017 2052 ΕΛ
1037 1992 1108 2064 ίσος

90 2088 107 2157 6
133 2098 212 2156 KN.
260 2087 278 2157 6
302 2089 368 2178 ἄρα
391 2092 491 2176 μέρος
514 2091 605 2158 ἐστὶν
634 2089 651 2158 6
677 2099 744 2159 ΚΘ
766 2095 827 2158 τοῦ
850 2098 927 2176 ΓΛ,
956 2090 994 2158 τὸ
1024 2090 1107 2160 αὐτὸ

90 2197 189 2282 μέρος
222 2197 289 2263 ἐστὶ
322 2197 377 2262 καὶ
409 2193 426 2263 6
461 2203 537 2263 ΚΝ
562 2202 622 2265 τοῦ
651 2204 724 2265 ΓΖ·
756 2199 812 2264 καὶ
846 2195 962 2275 λοιπὸς
991 2196 1060 2284 ὅροι
1089 2195 1106 2265 6

38 2320 73 2370 20
91 2308 161 2368 ΝΘ
183 2306 304 2369 λοιποῦ
326 2305 387 2368 τοῦ
411 2308 478 2368 ΖΛ
500 2302 537 2369 τὸ
563 2300 645 2370 αὐτὸ
670 2307 771 2392 μέρος
794 2306 899 2387 ἐστίν,
923 2300 1006 2390 ὅπερ
1030 2302 1108 2384 ὅλος

90 2405 108 2475 6
137 2416 204 2475 ΚΘ
230 2407 314 2476 ὅλου
341 2412 402 2476 τοῦ
426 2415 495 2477 ΓΛ.
542 2413 677 2497 ἐδείχθη
707 2410 744 2478 66
766 2410 822 2476 καὶ
845 2407 963 2488 λοιπὸς
986 2407 1005 2476 6
1029 2418 1111 2477 MK

90 2516 210 2581 λοιποῦ
233 2518 294 2582 τοῦ
320 2523 387 2581 ΖΔ
409 2512 446 2582 τὸ
472 2514 553 2584 αὐτὸ
578 2517 678 2603 μέρος
701 2514 764 2601 οὸυ,
789 2513 869 2602 ὅπερ
894 2512 973 2594 ὅλος
997 2513 1111 2584 ὅΗΚ

90 2618 172 2689 ὅλου
203 2625 265 2689 τοῦ
294 2627 369 2688 ΓΛ·
401 2623 456 2690 καὶ
485 2621 740 2710 συναμφότερος
770 2620 834 2710 ὅρα
867 2618 885 2688 6
919 2628 1010 2706 MK,
1039 2631 1110 2690 ΝΘ

89 2731 149 2795 τοῦ
175 2736 241 2794 ΔΖ
264 2727 304 2794 τὰ
329 2725 412 2796 αὐτὰ
436 2730 518 2815 μέρη
543 2731 648 2811 ἐστίν,
677 2725 759 2812 ὅπερ
784 2725 862 2806 ὅλος
885 2723 902 2793 6
928 2733 1002 2793 ΘΗ
1025 2726 1109 2796 ὅλου

163 2911 186 2957 1.
207 2905 270 2974 καί]
296 2905 345 2958 καὶ
369 2901 383 2959 ὁ
408 2906 440 2959 V.
516 2907 584 2977 ΖΛ]
612 2911 638 2959 Δ
661 2905 723 2958 add.
749 2923 784 2957 m.
804 2905 869 2960 21⁴¹.
943 2911 968 2957 2.
989 2898 1107 2977 ὅλος]ὁ

91 2968 155 3036 ὅλος
172 2974 204 3028 Β.
277 2982 302 3030 4.
323 2970 396 3043 ἔστί]
418 2972 492 3029 ἐστίν
511 2976 542 3030 F.
615 2981 640 3029 8.
659 2974 730 3046 ΛΕ]
755 2975 857 3030 iuras,
877 2975 909 3029 V.
984 2981 1009 3029 9.
1029 2979 1108 3048 HK]

90 3049 119 3098 Κ
139 3047 239 3114 postea
263 3046 359 3100 insert.
382 3046 415 3101 V.
454 3042 528 3100 ἐστίν
553 3047 614 3102 PV.
688 3046 753 3116 καί]
778 3062 831 3099 om.
855 3046 885 3100 P.
961 3051 1002 3099 11.
1023 3049 1108 3119 HM]

90 3119 158 3168 ΜΗ
173 3116 230 3184 Vp.
287 3123 328 3172 11.
345 3113 418 3171 ἐστίν
432 3118 488 3171 PF.
547 3123 587 3171 16.
608 3113 682 3171 ἐστίν
701 3115 730 3171 F.
786 3117 836 3170 τοῦ
857 3116 923 3186 ΓΖ]
938 3123 1007 3171 1112
1024 3136 1110 3188 supra

92 3202 143 3240 scr.
162 3187 192 3240 F.
268 3194 309 3241 17.
331 3189 402 3258 ΘΚ]
422 3190 479 3242 ΚΘ
497 3188 527 3241 Ρ.
603 3193 644 3242 18.
664 3188 740 3257 ΚΝ]
765 3204 835 3242 corr.
860 3203 893 3240 ex
916 3190 977 3240 ΚΗ
995 3206 1032 3241 m.
1052 3207 1108 3244 ree.

115 3278 122 3323 3
151 3259 249 3312 mutat.
278 3258 308 3312 in
334 3263 396 3312 KH
422 3277 457 3312 m.
482 3266 498 3313 2
522 3258 556 3313 V.
649 3264 690 3312 19.
719 3258 839 3328 μεμέρος
861 3257 896 3324 P;
926 3275 996 3313 corr.
1021 3278 1059 3313 m.
1085 3266 1108 3314 2.

90 3274 167 3383 ὅσιίυ
186 3327 215 3384 F.
307 3331 355 3384 καὶ
374 3326 487 3400 λοιπός]
507 3326 603 3392 λοιπός
621 3328 654 3381 V.
746 3335 788 3384 20.
808 3331 885 3397 ΝΘ]
906 3345 975 3384 corr.
995 3347 1030 3384 ex
1050 3333 1110 3384 ΗΘ

91 3419 127 3455 m.
147 3417 202 3455 reo.
221 3419 249 3468 p.
323 3402 390 3471 ΖΔ]
412 3407 524 3456 Aetas.
545 3401 578 3455 V.
651 3394 735 3471 ὅπερ]
758 3419 794 3454 m.
820 3399 888 3454 Π.
964 3406 1008 3456 21.
1036 3396 1109 3455 ἐδεί-

87 3475 148 3540 χθη
169 3471 201 3526 δέ
218 3477 314 3525 -232
335 3473 401 3542 ΓΔ]
417 3490 472 3540 mg.
488 3471 522 3526 V.
578 3478 619 3525 21.
640 3466 903 3541 naquaszFV.
960 3466 1065 3541 6]0m.
1081 3492 1107 3542 p.
