2348 3818
358 155 633 207 mnnnnnoaun
650 157 760 206 amna
777 157 824 209 1x.
1031 153 1095 217 389

80 319 295 362 numerorum
317 303 363 383 A,
381 302 420 382 B,
439 300 472 362 Γ
490 301 641 382 quartum
659 297 939 382 proportionalem
956 296 1096 361 inueniri

78 427 151 470 non
174 425 279 488 posse.
315 426 394 470 nam
418 405 446 468 si
469 405 539 468 fieri
562 407 682 489 potest,
705 403 891 468 inueniatur
911 406 949 466 E.
986 403 1096 487 itaque

78 507 650 591 A><E==B><P[VH,19].
696 510 1096 577 uernt><F=A.

80 639 184 702 quare
207 599 296 684 A><
310 619 342 679 E
355 645 397 668 =
413 619 455 679 A.
500 615 610 698 itaque
632 621 666 679 A
693 635 862 680 numerum
885 618 918 678 E
938 612 1096 698 multipli-

79 745 160 788 cans
188 744 358 786 numerum
388 726 421 784 A
448 721 563 785 effecit.
599 725 632 784 A
658 721 761 805 igitur
788 742 959 784 numerum
986 724 1020 784 A
1048 742 1096 784 se-

79 827 222 894 eundum
253 831 285 892 Ε
313 826 456 891 metitur.
501 826 612 910 itaque
635 832 667 889 A
695 847 865 891 numerum
894 831 927 889 A
954 826 1096 890 metitur.

79 955 196 998 uerum
219 932 318 997 etiam
340 953 406 996 non
429 932 579 1016 metitur,
603 933 689 1015 quod
714 932 892 997 absurdum
915 935 973 998 est.
1019 952 1095 1016 ergo

78 1061 289 1105 numerorum
318 1045 363 1124 A,
381 1044 424 1124 B,
442 1043 475 1104 Γ
506 1042 641 1123 quartus
672 1038 925 1124 proportionalis
958 1037 1096 1102 inueniri

82 1166 152 1210 non
175 1147 297 1228 potest,
319 1144 378 1208 ubi
399 1151 433 1209 A
454 1166 625 1210 numerum
649 1151 683 1207 A
705 1166 772 1209 non
794 1143 936 1210 metitur.
981 1164 1096 1208 uerum

80 1255 130 1332 A,
151 1254 200 1334 B,
228 1252 260 1314 Γ
293 1271 335 1314 ne
373 1250 440 1315 sint
465 1250 617 1335 deinceps
654 1249 916 1334 proportionales
947 1271 1012 1314 neu
1046 1269 1098 1312 ex·

78 1356 178 1420 tremi
204 1356 292 1421 inter
315 1377 349 1420 se
376 1355 483 1441 primi.
529 1360 562 1419 et
585 1357 630 1421 sit
652 1361 681 1420 B
697 1370 741 1424 ><
755 1359 840 1421 F==
855 1360 898 1420 A.
943 1355 1096 1420 similiter

81 1459 395 1545 demonstrabimus,
432 1461 461 1526 si
491 1467 523 1525 A
554 1482 724 1526 nnmerum
756 1469 790 1525 A
821 1461 990 1546 metiatur,
1026 1461 1097 1525 fieri

81 1589 193 1652 posse,
220 1572 257 1632 ut
286 1589 397 1633 eorum
425 1571 559 1652 quartus
567 1565 592 1653 ¹)
619 1567 806 1631 inueniatur
832 1567 1097 1652 proportionalis,

82 1675 137 1739 sin
159 1696 227 1738 non
250 1674 419 1757 metiatur,
446 1673 516 1738 fieri
539 1695 605 1738 non
628 1694 738 1758 posse,
765 1675 851 1756 quod
874 1678 944 1739 erat
967 1673 1096 1738 demon·

82 1781 262 1846 strandum.
781 1796 792 1834 i

555 1901 626 1967 XX.

152 2026 254 2092 Primi
276 2027 405 2092 numeri
425 2027 534 2111 plnres
558 2030 635 2091 sunt
656 2027 772 2110 qnauis
794 2026 871 2092 data
889 2024 1097 2091 multitudine

82 2135 263 2220 primorum
286 2154 502 2199 numerorum.

153 2239 225 2305 Sint
247 2239 314 2305 dati
337 2239 463 2303 numeri
485 2237 582 2322 primi
600 2240 641 2319 A,
659 2241 699 2320 B,
718 2241 754 2303 Γ.
789 2238 869 2324 dieo,
892 2240 1002 2324 pluras
1027 2261 1097 2304 esse

83 2347 208 2431 primos
230 2366 382 2409 numeros
406 2366 504 2428 quam
526 2348 568 2427 A,
586 2346 625 2428 B,
643 2346 679 2410 Γ.
716 2348 864 2411 sumatur
883 2346 979 2430 enim,
1002 2367 1097 2430 quem

82 2982 257 3046 minimum
280 2982 458 3046 metiuntur
478 2984 525 3063 A,
543 2983 587 3065 B,
607 2983 639 3044 Γ
657 2978 743 3063 [VII,
761 2980 819 3061 36]
848 2983 881 3045 et
904 2980 947 3045 sit
966 2985 1042 3066 ΔΕ,
1066 2984 1100 3046 et

83 3108 222 3154 numero
242 3092 312 3152 ΔΕ
332 3087 503 3186 adficiatur
520 3087 630 3151 unitas
650 3089 726 3150 ΔΖ.
759 3089 821 3150 ΕΖ
839 3085 941 3172 igitur
959 3090 1016 3152 aut
1032 3087 1098 3170 pri-

83 3215 156 3257 mus
180 3196 232 3259 est
255 3196 312 3257 aut
334 3213 400 3256 non
422 3192 557 3274 primus.
597 3191 687 3274 prius
712 3191 755 3256 sit
777 3192 907 3277 primus.
949 3212 1025 3276 ergo
1049 3191 1098 3291 in·

82 3478 97 3527 z
158 3404 185 3472 1)
203 3401 322 3527 [iidepim
345 3401 523 3458 scribendum
542 3417 603 3456 esse
622 3400 672 3456 liu.
692 3407 738 3455 14:
762 3397 860 3463 αὐτοῖς
877 3398 1010 3468 τέταρτον
1028 3395 1099 3455 svs·

99 3492 181 3543 oyov3
200 3489 249 3529 er.
293 3516 299 3527 .
