2348 3818
349 167 624 252 ancmarroanm
641 167 751 218 amna
768 169 828 222 vn.
1030 165 1096 232 253

83 307 239 372 numerus
254 294 462 393 aliquiae‘um
475 310 643 375 metietur,
659 309 721 375 heo
735 309 836 394 igitur
848 309 1097 376 ratiocinatione
1120 362 1123 367 »

81 391 275 498 prbcedente
310 415 494 480 inuenietur
530 416 654 498 primus
687 415 804 500 aliquis
835 438 1004 500 numerus,
1040 418 1096 503 qui
1129 407 1147 461 '-

81 518 270 607 metietur.¹)
315 543 391 586 nam
426 522 454 585 ei
485 542 551 585 non
584 521 780 606 inuenietur,
816 522 937 587 infiniti
967 525 1096 589 numeri

80 647 252 690 numerum
275 632 308 691 A
334 627 521 711 metientur,
550 627 633 691 alter
661 628 788 711 semper
815 628 918 692 altero
946 627 1096 713 deinceps

81 731 239 816 minores3
271 732 356 816 quod
387 732 423 796 in
454 733 599 796 numeria
631 731 701 796 fieri
730 753 797 796 non
823 735 949 816 potest,
985 734 1096 819 itaque

82 837 267 932 inuenietur
289 839 414 922 primus
438 837 557 922 aliquis
574 860 728 903 numerus
746 838 893 922 proxime
907 840 1096 927 anteceden-

82 948 150 1008 tem
173 945 324 1028 metiens,
348 945 403 1028 qui
426 945 525 1009 etiam
548 966 719 1009 numerum
742 950 774 1008 A
796 945 958 1009 metiatur.
1009 1014 1016 1025 ,

147 1049 237 1134 Ergo
252 1051 399 1134 quemuis
418 1072 589 1115 numerum
608 1049 824 1142 compositum
837 1049 961 1140 primus
977 1052 1094 1138 aliquis

80 1178 236 1222 numerus
259 1157 406 1241 metitum
432 1157 517 1241 quod
541 1161 612 1222 erat
635 1156 935 1233 demonstrandum.

149 1456 261 1534 Quiuie
288 1479 441 1523 numerus
470 1461 527 1522 aut
553 1455 678 1541 primus
706 1460 769 1540 est,
801 1462 858 1522 aut
883 1459 1008 1543 primus
1037 1480 1095 1523 nu·

83 1584 192 1627 merus
214 1584 288 1642 cum
311 1562 453 1627 metitur.
550 1617 552 1621 ,

199 1665 249 1733 Sit
270 1689 422 1732 numerus
445 1673 486 1732 A.
527 1666 609 1750 dico,
631 1686 800 1730 numerum
818 1672 851 1730 A
871 1673 929 1734 aut
951 1668 1092 1753 primum

135 1795 207 1838 esse
230 1779 288 1838 aut
308 1774 450 1858 primum
474 1773 615 1857 aliquem
638 1793 808 1836 numerum
832 1795 906 1838 eum
928 1774 1046 1838 metiri.
1067 1785 1070 1788 ’

96 1871 120 1920 A
201 1879 266 1944 iam
295 1881 324 1944 ei
351 1881 475 1965 primus
505 1883 553 1944 est
575 1884 620 1962 A,
648 1877 769 1942 factum
794 1879 869 1963 erit,
897 1878 983 1963 quod
1015 1880 1095 1945 iussi

134 2006 258 2069 eumue,
295 1987 347 2050 ein
378 1986 591 2069 compositus,
626 1985 750 2069 primus
784 1985 902 2069 aliquis
939 2007 1094 2050 numerus
1158 2040 1166 2055 .

80 2071 99 2081 “
135 2113 209 2155 eum
232 2091 384 2157 metietur
408 2092 511 2176 [prop.
529 2090 663 2173 XXXI}

145 2196 236 2282 Ergo
264 2197 371 2280 quiuis
399 2218 553 2262 numerus
577 2201 633 2262 aut
655 2197 778 2281 primus
802 2200 864 2280 eet,
894 2200 951 2261 aut
971 2196 1095 2280 primus

80 2325 236 2368 numerus
259 2324 332 2368 cum
354 2303 500 2388 metitur,
523 2304 608 2387 quod
632 2307 702 2368 crat
723 2303 1020 2368 demonstrandum.

509 2495 661 2561 xxxin.
691 2583 693 2586 y

147 2620 243 2686 Datis
266 2621 427 2706 quotlibet
448 2620 592 2686 numeris
616 2620 768 2685 minimos
793 2641 917 2702 eorum,
941 2619 996 2703 qui
1020 2639 1093 2682 ean-

83 2725 157 2788 dem
178 2726 337 2792 rationem
360 2726 498 2811 habent,
520 2725 677 2790 inuenire.

152 2828 230 2900 Dati
252 2832 320 2896 sint
342 2832 503 2917 quotlibet
525 2831 652 2896 numeri
675 2835 719 2915 A,
739 2834 781 2913 B,
800 2833 836 2896 Γ.
882 2834 1012 2915 oportet
1033 2830 1095 2915 igi·
1156 2827 1163 2838 ’

81 2940 137 2999 tur
168 2935 319 3002 minimos
348 2958 459 3002 eorum
491 2936 653 3019 inuenire,
685 2936 740 3020 qui
768 2936 902 3000 eandem
934 2936 1094 3001 rationem

80 3040 223 3106 habeant
246 3063 283 3106 ac
306 3048 352 3127 A,
370 3046 413 3126 B,
432 3044 468 3107 Γ.

146 3153 191 3228 Α,
210 3152 256 3231 Β,
273 3151 306 3211 Γ
336 3149 422 3212 enim
454 3152 512 3214 aut
542 3149 628 3213 inter
655 3169 690 3212 ce
716 3147 813 3232 primi
841 3150 918 3211 sunt
945 3152 1002 3257 eqt
1027 3169 1096 3213 non

151 3342 177 3405 1)
197 3338 241 3393 Sc.
264 3357 410 3394 numerum
434 3339 650 3410 praecedentem
669 3340 698 3393 et
720 3354 755 3392 ea
776 3339 812 3392 de
836 3354 921 3392 cauca
948 3354 1094 3392 numerum

78 3409 179 3477 A(cfr.
198 3408 248 3464 lin,
268 3411 304 3479 4).
342 3414 371 3464 et
388 3412 471 3485 puto,
499 3411 569 3464 haec
588 3409 678 3463 audiri
701 3425 790 3478 posse.
828 3409 885 3462 etei
906 3409 972 3461 ficri
989 3409 1106 3484 peterat,

79 3481 113 3534 ut
127 3480 199 3534 haec
216 3481 305 3535 uerba
322 3481 388 3535 inP
406 3498 484 3537 mero
503 3497 596 3538 errore
616 3480 654 3538 ob
668 3475 890 3553 opoccetteeeoo
908 3473 1083 3529 exc-{mem-
