2348 3818
111 137 177 203 222
487 138 689 192 Σνοωωιοω
708 134 743 203 ς’.

109 283 177 349 τῶν
201 278 399 365 ἡγουμένων
423 278 507 367 πρὸς
525 280 587 347 ἕνα
604 282 673 347 τῶν
692 278 876 365 ἑπομένων,
900 277 1008 357 οὕτως
1027 277 1126 345 ἅπαν-

109 410 162 465 τες
185 388 221 452 οἰ
241 381 425 472 ἡγούμενοι
443 381 527 472 πρὸς
545 382 693 464 ἅπαντας
710 381 790 464 τοὺς
808 383 1006 469 ἑπομένους·
1037 388 1126 453 ἔστιν

109 491 175 577 άρα
203 487 247 569 ὡς
274 486 296 576 ἡ
321 496 394 557 ΒΗ
413 487 519 576 μονάς
541 488 627 578 πρὸς
647 487 709 558 τὸν
733 496 800 556 ΕΚ
823 487 990 577 ἀριθμόν,
1020 487 1126 569 οὕτως

110 593 127 663 ὁ
151 601 219 663 ΒΓ
236 592 320 682 πρὸς
341 594 404 662 τὸν
427 602 499 664 ΕΖ.
546 603 601 681 ἰση
626 594 664 662 δὲ
686 592 708 680 ἡ
732 601 806 662 ΒΗ
825 592 930 680 μονὰς
951 598 992 683 τῇ
1013 604 1046 662 A
1069 621 1124 681 μο-

73 726 88 775 5
108 700 199 786 νάδι,
223 697 241 768 ὁ
266 699 304 768 δὲ
323 707 392 767 EK
413 698 560 788 ἀριθμὸς
581 702 627 790 τῷ
647 709 681 767 A
704 697 849 792 άριθμῷ.
885 704 977 767 ἔστιν
995 698 1062 788 άρα
1082 697 1127 780 ιὸς

108 803 129 893 ἡ
152 815 185 873 A
208 803 314 892 μονάς
340 805 423 894 πρὸς
450 805 511 874 τὸν
535 815 568 874 A
592 803 757 894 ἀριθμόν,
786 807 893 884 οὕτως
915 803 932 872 ὁ
957 811 1025 873 ΒΓ
1042 804 1127 892 πρὸς

108 910 168 979 τὸν
192 918 263 979 ΒΖ.
302 912 410 992 ἰσάκις
438 911 504 1000 άρα
527 910 547 998 ἡ
572 921 605 980 A
626 911 733 999 μονάς
755 910 816 979 τὸν
843 919 874 977 A
896 908 1048 999 ἀριθμὸν
1071 937 1123 998 με·

107 1031 181 1106 τρεῖ
201 1019 257 1085 καλ
281 1017 299 1086 ὁ
323 1025 391 1087 ΒΓ
407 1016 467 1086 τὸν
492 1025 567 1085 ΕΖ·
605 1017 687 1106 ὅπερ
711 1023 779 1086 ἔδει
803 1018 916 1098 δεῖξαι.

518 1231 520 1234 ·
584 1193 647 1266 ις’.

55 1342 89 1391 10
178 1315 260 1383 Βάν
285 1316 356 1384 δύο
381 1313 550 1404 ἀριθμοὶ
569 1315 991 1395 πολλαπλασιάσαντες
1009 1313 1121 1401 άλλή·

106 1429 199 1499 λονς
221 1425 368 1489 ποιῶσί
386 1447 512 1507 τινας,
536 1426 575 1491 οἰ
596 1422 809 1509 γενόμενοι
833 1422 870 1502 ἐξ
889 1417 1021 1489 αὐτῶν
1041 1429 1121 1488 ἰσοι

107 1523 295 1612 άλλήλοις
318 1532 490 1596 ἔσονται.

163 1631 339 1701 Ἔστωσαν
362 1633 426 1702 δύο
451 1630 594 1722 ἀριθμοὶ
618 1637 653 1701 οἰ
673 1643 716 1720 A,
740 1641 780 1719 Β,
803 1633 859 1719 καὶ
883 1631 900 1700 ὁ
925 1633 987 1721 μὲν
1007 1642 1040 1701 A
1062 1632 1123 1702 τὸν

106 1744 135 1805 Β
152 1739 446 1820 πολλαπλασιάσας
463 1738 524 1808 τὸν
538 1746 571 1808 Γ
585 1745 729 1826 ποιείτω,
751 1736 768 1806 ὁ
785 1738 823 1806 δὲ
837 1746 865 1806 Β
880 1736 942 1806 τὸν
955 1747 988 1805 A
1002 1745 1122 1805 πολλα-

54 1870 86 1918 15
105 1844 292 1924 πλασιάσας
314 1845 373 1914 τὸν
397 1854 430 1913 A
453 1850 601 1913 ποιείτω·
634 1845 736 1930 λέγω,
765 1842 817 1911 ὅτι
841 1851 914 1922 ἰσος
936 1844 1028 1912 ἐστὶν
1053 1841 1071 1911 ὁ
1095 1849 1126 1911 Γ

105 1953 151 2039 τῷ
175 1958 217 2017 A.

169 2053 258 2122 ’Βπελ
285 2054 349 2143 γὰρ
378 2053 395 2122 ὁ
420 2064 453 2122 A
479 2054 541 2122 τὸν
564 2062 592 2122 Β
616 2054 909 2135 πολλαπλασιάσας
930 2053 993 2124 τὸν
1016 2061 1049 2122 Γ
1068 2080 1122 2124 πε-

105 2164 258 2244 ποίηκεν,
288 2158 306 2228 ὁ
335 2167 363 2225 Β
391 2159 457 2247 άρα
485 2158 546 2226 τὸν
575 2165 608 2226 Γ
629 2175 742 2248 μετρεῖ
766 2160 849 2229 κατὰ
877 2160 936 2240 τὰς
960 2161 1066 2254 ἐντῷ
1090 2169 1121 2229 Α

105 2264 263 2350 μονάδας,
310 2278 423 2353 μετρεῖ
448 2264 486 2333 δὲ
513 2265 569 2331 καλ
595 2262 617 2350 ἡ
646 2273 679 2333 E
703 2267 810 2352 μονάς
832 2266 892 2334 τὸν
916 2275 948 2334 A
971 2264 1121 2354 ἀριθμὸν

50 2396 85 2445 20
105 2369 186 2436 κατά
215 2370 275 2451 τὰς
302 2373 339 2439 ἐν
367 2372 457 2463 αὐτῷ
485 2369 649 2457 μονάδας·
679 2373 787 2452 ἰσάκις
814 2371 880 2460 άρα
908 2369 929 2458 ἡ
957 2379 990 2439 Β
1015 2373 1121 2459 μονάς

102 2474 163 2542 τὸν
187 2483 219 2542 A
241 2474 392 2564 άρνθμόν
419 2489 531 2564 μετρεῖ
551 2477 606 2543 καὶ
631 2473 648 2543 ὁ
672 2485 701 2545 Β
724 2477 785 2545 τὸν
808 2484 845 2546 Γ.
887 2476 1030 2559 ἐναλλάξ
1053 2478 1120 2567 άρα

104 2580 212 2662 ἰσάκις
243 2579 263 2669 ἡ
294 2590 325 2650 E
354 2580 460 2668 μονάς
486 2581 546 2649 τὸν
574 2590 602 2650 Β
631 2579 781 2670 ἀριθμὸν
813 2595 928 2670 μετρεῖ
955 2585 1012 2651 καὶ
1041 2582 1060 2652 ὁ
1087 2594 1120 2652 A

102 2685 162 2754 τὸν
186 2693 223 2754 Γ.
268 2686 385 2773 πάλιν,
409 2687 478 2755 ἐπεὶ
502 2684 520 2756 ὁ
544 2693 573 2754 Β
595 2685 656 2754 τὸν
679 2697 711 2754 A
734 2688 1032 2769 πολλαπλασιάσας
1058 2690 1119 2759 τὸν

103 2801 138 2858 A
164 2798 358 2878 πεποίηκεν,
391 2790 409 2860 ὁ
438 2802 471 2861 A
497 2791 564 2880 άρα
595 2792 656 2860 τὸν
684 2802 718 2860 A
745 2807 859 2883 μετρεῖ
883 2794 968 2864 κατά
993 2794 1054 2876 τάς
1083 2799 1118 2865 ἐν

49 2923 83 2971 25
101 2901 148 2989 τῷ
180 2906 209 2963 Β
241 2897 398 2983 μονάδας.
453 2912 566 2986 μετρεῖ
597 2899 635 2967 δὲ
666 2900 722 2967 καὶ
753 2897 775 2986 ᾗ
805 2909 838 2968 Ε
868 2900 974 2988 μονάς
1000 2899 1062 2971 τὸν
1089 2909 1117 2969 Β

102 3002 184 3070 κατὰ
213 3002 271 3082 τὰς
298 3005 334 3071 ἐν
363 3001 452 3097 αὐτῷ
484 3004 645 3092 μονάδας·
674 3004 782 3085 ἰσάκις
811 3007 877 3094 άρα
905 3004 926 3093 ἡ
955 3014 987 3073 Ε
1013 3005 1119 3093 μονάς

101 3108 162 3176 τὸν
191 3117 219 3176 Β
248 3107 398 3197 ἀριθμὸν
426 3124 538 3198 μετρεῖ
567 3111 623 3178 καὶ
651 3108 671 3178 ὁ
698 3118 730 3178 Α
762 3110 822 3178 τὸν
851 3120 892 3181 A.
939 3112 1048 3192 ἰσάκις
1082 3112 1118 3180 δὲ

103 3212 121 3301 ἡ
147 3222 178 3282 E
203 3215 309 3301 μονὰς
335 3215 396 3283 τὸν
424 3224 452 3284 Β
481 3212 630 3303 ἀριθμὸν
661 3217 787 3303 ἐμέτρει
815 3217 870 3283 καὶ
895 3213 912 3284 ὁ
936 3225 969 3283 A
992 3216 1053 3285 τὸν
1079 3223 1117 3284 F·

174 3400 198 3448 3.
218 3388 292 3464 ἄρα]
312 3387 482 3462 άρακαίμ.
555 3389 640 3464 πρός]
664 3392 757 3446 bisP.
831 3397 856 3447 4.
876 3387 992 3464 ὁ]ἡμ.
1068 3412 1115 3463 μο-

93 3461 181 3532 νάδι]
199 3464 360 3520 Atinas.
381 3464 415 3521 V.
480 3470 504 3520 ⁷.
523 3459 560 3536 ἡ]
580 3458 595 3518 ὁ
615 3464 646 3520 P.
713 3463 755 3533 A]
774 3479 858 3532 supra
875 3481 912 3518 m.
932 3470 948 3518 2
968 3461 1002 3519 V.
1071 3484 1116 3533 μο-
