2348 3818
345 157 621 208 ELEMENTORUM
639 157 748 208 LIBER
766 158 798 209 V.

439 333 737 421 Corollaridm.¹)
854 400 857 406 .

149 458 234 525 Hine
257 457 467 525 manifestum
490 464 554 543 est,
582 460 609 524 si
633 460 831 545 compositae
855 459 1094 546 magnitudines

77 566 345 652 proportionales
369 566 448 651 sint,
472 566 570 630 etiam
593 565 811 631 conuertendo
834 566 1094 652 proportionales

78 696 138 738 eas
161 673 240 739 fore.
263 709 308 721 -
331 671 416 756 quod
440 676 510 737 erat
532 671 827 738 demonstrandum.

555 865 623 931 XX.

149 972 183 1038 Si
202 975 294 1039 datae
314 976 389 1038 sunt
407 977 473 1038 tres
492 973 733 1059 magnitudines
753 977 785 1038 et
804 973 887 1038 aliae
902 973 944 1038 iis
959 995 1093 1040 numero

82 1080 247 1165 aequales,
270 1081 365 1145 binae
390 1079 485 1144 simul
510 1080 698 1144 coniunctas
722 1080 810 1145 etin
834 1079 945 1144 eadem
962 1101 1096 1163 propor-

78 1189 185 1271 tione,
208 1208 247 1250 ex
270 1207 372 1268 aequo
399 1189 506 1249 autem
531 1185 636 1269 prima
659 1186 756 1250 tertia
779 1185 883 1251 maior
906 1189 968 1269 est,
996 1187 1095 1252 etiam

78 1295 199 1376 quarta
223 1296 314 1356 sexta
336 1291 441 1355 maior
463 1291 539 1370 erit,
564 1296 596 1356 et
620 1292 647 1356 si
671 1291 830 1376 aequalis,
855 1292 998 1375 aequalis
1025 1293 1095 1378 erit,

78 1403 114 1463 et
140 1400 166 1463 si
189 1399 308 1478 minor,
332 1396 446 1462 minor.

150 1502 222 1569 Sint
244 1508 311 1568 tres
334 1502 571 1588 magnitudines
587 1508 628 1586 A,
643 1507 680 1587 Β,
695 1506 726 1567 Γ
746 1509 779 1568 et
798 1504 881 1569 aliae
899 1505 940 1570 iis
959 1528 1094 1571 numero

509 1611 660 1692 aequales
675 1614 717 1692 A,
732 1614 770 1693 E,
782 1613 816 1694 Z,
830 1611 930 1707 binae
942 1613 1093 1676 coniunc-

508 1720 562 1780 tae
590 1716 627 1779 in
656 1715 767 1781 eadem
790 1715 1012 1801 proportione,
1036 1717 1095 1781 sei-

507 1823 1101 1906 lieetA:B=A:E,etB:P

508 1932 620 1993 =E:
642 1933 683 2012 Z,
706 1932 738 1993 et
762 1929 805 1993 sit
828 1933 912 2002 A>
931 1931 967 1995 Γ.
1014 1929 1096 2015 dieo,

79 2057 154 2100 esse
183 2036 281 2099 etiam
306 2041 339 2099 A
352 2045 387 2109 >
403 2039 444 2114 Ζ,
472 2040 505 2099 et
533 2035 562 2098 si
584 2040 616 2098 A
631 2065 673 2087 =
693 2037 729 2120 Γ,
752 2056 822 2099 esse
846 2040 879 2100 A
894 2065 935 2088 =
951 2040 988 2123 Z,
1011 2039 1044 2101 et
1067 2036 1095 2102 si

63 2144 464 2226 ·A<RmmA<Z

149 2269 226 2312 nam
255 2248 407 2330 quoniam
431 2252 463 2310 A
475 2256 509 2319 >
524 2249 561 2330 Γ,
589 2250 622 2311 et
650 2247 713 2310 alia
742 2247 875 2332 quaeuis
902 2250 1094 2335 magnitudo

77 2357 133 2420 est
159 2356 203 2437 B,
237 2358 269 2417 et
300 2354 404 2417 maius
438 2353 478 2417 ad
510 2353 594 2417 idem
626 2354 781 2418 maiorem
809 2355 969 2420 rationem
996 2356 1096 2421 habet

79 2483 181 2546 quam
204 2460 311 2523 minus
335 2459 441 2542 [prop.
466 2457 575 2541 VIll],
599 2459 659 2522 erit
677 2463 709 2522 A
725 2462 775 2523 :B
789 2469 824 2533 >
839 2462 871 2524 Γ
881 2483 888 2525 :
904 2464 941 2525 B.
982 2482 1095 2525 uerum

77 2573 113 2632 A
129 2589 137 2629 z
152 2569 180 2629 Β
196 2595 238 2618 =
254 2571 309 2628 A:
325 2569 356 2629 Ε
378 2569 411 2628 et
435 2586 451 2628 e
475 2566 636 2630 contrario
661 2567 766 2649 [prop.
789 2565 852 2631 VII
876 2566 1000 2648 coroll]

454 2673 505 2735 F:
518 2674 548 2734 B
563 2701 604 2724 =
620 2675 668 2734 Z:
685 2674 722 2734 E.

325 1667 460 1714 Δι--ι

326 1770 408 1822 Ει-ι

78 1877 236 1927 Γι--ι
326 1877 450 1928 Zr-2-r

76 2797 295 2809 ...,---.--

155 2847 182 2914 1)
202 2843 278 2910 Quae
296 2845 468 2916 praecedunt
486 2845 573 2899 uerba
591 2861 617 2912 p.
633 2849 676 2912 55,
691 2849 796 2898 24-28
817 2843 957 2899 immerito
973 2845 1009 2900 ab
1024 2844 1095 2901 Sim-

78 2933 148 2972 sono
168 2914 288 2984 aliisque
310 2916 518 2985 uituperantur;
543 2932 609 2969 nam
633 2930 729 2969 ueram
753 2915 897 2970 continent
921 2915 1094 2972 demonstra·

77 2988 189 3042 tionem
223 3003 374 3041 conuersae
397 2986 520 3043 rationis.
558 2985 812 3041 demonstrauimus
835 2986 910 3040 enim
929 2988 966 3055 (p.
987 2991 1029 3050 55,
1050 2991 1094 3056 19)

77 3061 131 3113 AB
147 3079 153 3110 ε
171 3061 222 3111 ΓΔ
237 3083 270 3102 =
285 3059 338 3111 ΕΒ
353 3080 359 3111 :
375 3060 440 3126 ZA,
464 3057 537 3111 unde
555 3061 605 3110 AB
621 3079 627 3111 :
642 3060 694 3110 ΕΒ
710 3083 744 3103 =
759 3061 830 3112 PA:
847 3060 912 3124 ZA;
936 3058 985 3111 sed
1010 3058 1093 3112 simul

80 3130 145 3183 erat
164 3131 202 3197 (p.
218 3133 262 3195 55,
278 3131 321 3199 12)
342 3131 411 3183 BA:
427 3130 480 3182 ΑΕ
496 3154 529 3175 =
544 3136 569 3182 A
576 3131 602 3182 Γ
619 3149 625 3181 :
646 3132 708 3194 ΓΖ;
726 3130 788 3182 tum
806 3146 831 3182 u.
853 3128 907 3182 def.
928 3134 969 3183 16.
1006 3127 1095 3184 nihilo

78 3200 174 3252 minus
207 3199 255 3253 hie
286 3199 365 3256 loeus
394 3199 581 3270 interpolatus
609 3215 669 3253 esse
697 3199 786 3253 uideri
817 3201 913 3268 potest
939 3199 1000 3267 (sed
1029 3200 1094 3254 ante

79 3271 253 3339 Theouam),
272 3270 338 3338 quia
356 3269 487 3327 Euclides
505 3285 660 3338 numquam
679 3269 822 3325 corollarii
840 3270 979 3326 rationem
993 3268 1095 3333 reddit,

80 3340 112 3395 id
139 3341 216 3408 quod
243 3341 331 3410 ipsius
358 3341 491 3396 uocabuli
518 3337 643 3412 πόρισμα
670 3340 779 3396 notioni
806 3339 931 3409 (Proolus
959 3339 989 3393 in
1016 3338 1094 3417 lluel.

81 3430 108 3478 p.
135 3416 196 3466 301.
221 3415 283 3479 303)
311 3411 484 3468 aduersatur.
530 3412 596 3467 huia
623 3410 685 3466 loco
714 3409 816 3468 similis
844 3411 889 3467 est
911 3408 1104 3478 interponam

80 3482 205 3536 Theonis
223 3485 290 3550 post
306 3481 337 3551 V,
358 3489 381 3537 4.
