2348 3818
105 152 171 218 240
482 152 684 205 Σοοῑαυιαα
702 147 738 218 ς’.

105 295 162 363 καὶ
190 291 208 362 5
240 292 401 379 ἑπόμενος
427 290 487 362 τὸυ
516 292 693 380 ἑπόμενον·
726 290 743 360 5
774 301 806 365 E
821 291 897 380 ’ἀρα
924 289 986 359 τὸν
1015 298 1116 378 By&

106 413 185 487 τρεῖ.
231 413 345 487 μετρεῖ
370 398 408 467 δὲ
430 400 486 467 καὶ
509 398 570 468 τὸυ
596 405 638 468 Γ·
666 396 684 467 5
710 406 742 467 Ε
762 396 828 486 ἀρα
851 395 929 476 τοὺς
952 404 997 482 Β,
1017 402 1049 464 Γ
1067 423 1117 484 με-

106 518 180 593 τρεῖ
209 504 361 593 πρώτους
388 504 488 586 ὄντας
516 504 600 594 πρὸς
622 503 799 592 ἀλλήλους·
825 502 905 591 ὅπερ
929 502 1022 571 ἐστὶν
1041 499 1118 570 ἀδύ-

107 636 219 679 νατον.
272 608 334 679 οὐκ
366 609 432 700 ἀρα
463 610 544 692 τοὺς
575 616 614 697 Γ,
634 621 667 679 A
699 608 867 699 ἀριθμοὺς
899 604 1049 697 ἀριθμός
1075 635 1119 688 τις

74 733 90 782 5
109 716 271 805 μετρήσει.
317 720 353 785 oc
372 723 412 804 Γ,
432 726 466 785 A
487 716 554 807 ἀρα
576 720 701 806 πρῶτοι
724 716 808 807 πρὸς
836 714 1000 800 ἀλλήλους
1023 720 1091 783 εἰσί
1113 738 1119 751 ·

109 821 190 913 ὅπερ
214 829 282 892 ἔδει
306 825 421 906 δεῖξαι.

587 945 646 1014 κε’.

173 1068 261 1139 Ἐἀυ
294 1069 366 1137 δύο
404 1068 572 1159 ἀριθμοὶ
608 1074 758 1159 πρῶτοι
794 1068 890 1158 πρὸς
927 1066 1124 1154 ἀλλήλους

111 1169 223 1261 ἀσιυ,
257 1174 274 1243 5
308 1176 348 1242 ἐκ
380 1180 450 1243 τοῦ
484 1173 573 1255 ἑνὸς
609 1173 739 1245 αὐτῶν
776 1174 993 1263 γενόμενος
1029 1173 1126 1262 πρὸς

59 1289 93 1337 10
110 1280 180 1350 τὸν
203 1279 345 1349 λοιπὸν
368 1285 521 1370 πρῶτος
544 1287 661 1350 ἔσται.

168 1385 343 1454 Ἔστωσαν
372 1386 435 1455 δύο
464 1386 607 1477 ἀριθμοὶ
634 1392 760 1478 πρῶτοι
787 1386 871 1477 πρὸς
898 1384 1067 1473 ἀλλήλους
1095 1390 1128 1454 οἱ

110 1501 157 1579 A,
177 1499 221 1577 Β,
243 1493 299 1559 καὶ
324 1488 342 1561 5
365 1502 397 1561 A
421 1495 543 1562 ἑαυτὸν
567 1493 859 1574 πολλαπλασιάσας
880 1490 940 1562 τὸν
968 1499 1001 1561 Γ
1025 1498 1127 1561 ποιεί-

110 1620 170 1666 τω·
198 1601 298 1687 λέγω,
329 1597 381 1667 ὅτι
405 1602 440 1668 oc
461 1608 504 1686 B,
523 1606 556 1668 Γ
578 1604 704 1690 πρῶτοι
732 1598 816 1689 πρὸς
843 1597 1009 1686 ἀλλήλους
1033 1603 1128 1666 εἰσίν.

180 1711 318 1774 Κείσθω
342 1704 475 1798 γὰρτῷ
500 1717 532 1774 Α
555 1705 627 1786 ἴσος
651 1704 669 1774 5
694 1714 736 1774 A.
782 1704 852 1774 ἐπεὶ
876 1708 911 1773 oc
931 1714 974 1790 A,
991 1712 1021 1771 Β
1040 1709 1129 1792 προῦ-

61 1825 94 1874 15
113 1837 164 1879 τοι
187 1811 272 1901 πρὸς
295 1810 462 1899 ἀλλήλους
485 1817 587 1899 εἰσίν,
611 1822 683 1891 ἶσος
706 1812 744 1880 δὲ
767 1810 785 1880 5
810 1822 842 1881 A
869 1814 914 1902 τῷ
940 1819 988 1896 A,
1016 1810 1075 1876 καὶ
1099 1812 1132 1878 οἱ

114 1926 156 2003 A,
174 1926 204 1985 Β
227 1917 293 2006 ἀρα
317 1923 442 2006 πρῶτοι
465 1918 549 2005 πρὸς
572 1916 738 2004 ἀλλήλους
756 1922 852 1986 εἰσίν.
890 1917 1042 2004 ἑκάτερος
1062 1914 1130 2004 ἀρα

98 2028 180 2090 ,τῶν
205 2031 253 2108 A,
273 2032 305 2091 A
328 2021 412 2108 πρὸς
434 2022 494 2090 τὸν
518 2030 547 2090 Β
575 2023 705 2111 πρῶτός
734 2026 837 2092 ἐστιν·
865 2023 922 2091 καὶ
950 2019 968 2091 5
997 2025 1034 2090 ἐκ
1063 2025 1132 2091 τῶν

116 2135 164 2212 A,
184 2136 216 2194 A
244 2126 310 2216 ἀρα
338 2126 520 2213 γενόμενος
545 2127 630 2216 πρὸς
656 2128 774 2223 τὸυ-Β
803 2133 933 2218 πρῶτος
960 2132 1060 2196 ἔσται.
1114 2126 1132 2197 5

115 2231 152 2299 δὲ
180 2234 216 2300 ἐκ
242 2235 311 2299 τῶν
342 2241 389 2318 A,
408 2240 440 2299 A
467 2231 648 2320 γενόμενος
675 2232 820 2322 ἀριθμός
848 2237 939 2303 ἐστιν
968 2231 986 2303 5
1015 2239 1053 2304 Γ.
1099 2235 1135 2302 οἱ

62 2362 96 2412 20
115 2343 153 2424 Γ,
177 2344 206 2404 Β
239 2335 305 2424 ἀρα
341 2340 466 2426 πρῶτοι
497 2337 580 2426 πρὸς
611 2339 778 2427 ἀλλήλους
810 2344 911 2409 εἰσίν·
949 2341 1030 2429 ὅπερ
1062 2344 1133 2408 ἔδει

116 2444 229 2522 δεῖξαι.

591 2565 652 2640 σις’.

180 2686 268 2757 Ἐὰυ
300 2688 373 2757 δύο
402 2687 571 2778 ἀριθμοὶ
598 2692 694 2780 πρὸς
729 2691 801 2761 δύο
830 2691 1030 2780 ἀριθμοὺς
1063 2690 1133 2779 ἀμ-

116 2794 279 2883 φότεροι
313 2794 410 2885 πρὸς
442 2782 631 2885 ἑκάτερον
667 2804 815 2883 πρῶτοι
849 2790 961 2885 ἀσιυ,
993 2798 1061 2866 καὶ
1097 2801 1136 2866 οἱ

48 2902 154 2980 αὸἑξ
192 2898 321 2968 αὐτῶν
363 2901 575 2988 γευόμενοι
612 2907 761 2991 πρῶτοι
798 2901 895 2993 πρὸς
935 2900 1133 2991 ἀλλήλους

117 3012 287 3074 ἔσουταα

185 3111 260 3181 Δύο
293 3111 357 3201 ήάρ
391 3111 532 3203 ἀριθμοὶ
566 3117 601 3183 oc
629 3124 676 3201 A,
696 3122 725 3182 B
758 3112 840 3203 πρὸς
867 3114 930 3183 δύο
963 3112 1132 3205 ἀριθμοὺς

117 3214 196 3296 τοὺς
225 3224 268 3303 Γ,
292 3226 325 3284 A
357 3217 540 3308 ἀμφότεροι
572 3218 656 3309 πρὸς
683 3221 840 3309 ἑκάτερον
872 3222 998 3309 πρῶτοι
1038 3226 1131 3289 ἔστα-

120 3348 333 3356 --—-——.

190 3402 215 3453 2.
235 3392 318 3467 τούς]
338 3391 388 3449 τόν
407 3414 434 3465 p.
508 3400 543 3463 B,
565 3397 604 3468 Γ]
624 3396 886 3468 P,BB‹p,inr'as.
900 3396 934 3452 V.
1007 3403 1033 3454 4.
1053 3393 1133 3467 ἀροθ·

108 3463 189 3540 μὸς]
206 3484 259 3523 om.
281 3488 311 3538 φ.
388 3472 412 3522 7.
431 3462 475 3534 κζ’
496 3466 750 3539 BVp,Pm.rec.
824 3475 865 3525 12.
884 3474 906 3522 A
927 3464 1044 3539 ἕαυτόυ]
1065 3484 1132 3524 corr.
