2348 3818
108 138 174 203 332
486 134 688 188 2601me
706 130 745 201 η’.

107 276 167 347 τὸν
198 284 231 346 Γ
252 291 377 364 μετρεῖ,
407 280 567 345 τοσαῦται
594 274 740 361 μονάδες
766 279 918 341 ἔστωσαν
948 272 988 341 ἐν
1016 274 1063 365 τῷ
1088 271 1120 346 Ξ.

109 384 127 454 6
155 393 194 452 Η
217 383 284 472 άρα
311 380 372 450 τὸν
395 390 424 449 Β
452 394 564 468 μετρεῖ
584 378 667 447 κατά
690 378 749 460 τάς
772 382 809 447 ἐν
831 382 876 470 τῷ
899 382 933 456 Ξ
956 378 1119 466 μονάδας·

109 489 127 559 6
157 487 278 575 Ξάρα
305 486 366 554 τὸν
393 493 433 553 Η
454 482 748 565 πολλαπλασιάσας
776 481 837 552 τὸν
868 491 898 551 Β
930 491 1120 572 πεποίηκεν.

109 598 128 665 6
154 596 192 664 δὲ
214 602 253 663 Η
273 598 363 663 ἐστιν
387 590 405 660 6
430 594 465 659 ἐκ
488 594 556 659 τῶν
579 596 626 676 A,
646 597 697 657 Μ·
725 588 743 659 6
767 593 797 667 Ξ
817 587 883 677 άοα
905 589 968 659 τὸν
994 593 1033 658 ἐκ
1054 596 1120 659 τάν

73 715 90 764 5
109 709 156 787 A,
175 708 220 769 Μ
237 697 529 777 πολλαπλασιάσας
546 695 607 766 τὸν
626 704 654 764 Β
673 702 860 782 πεποίηκεν.
902 694 1043 783 στερεὸς
1061 694 1123 782 ἄρα

109 807 200 876 ἐστὶν
228 807 246 874 6
275 813 319 892 Β,
348 804 488 890 πλευραὶ
516 802 554 871 66
581 801 686 871 αὐτοῦ
714 807 799 870 εἰσιν
823 805 858 870 οἱ
879 809 926 887 Λ,
946 809 1004 886 M,
1029 805 1070 879 Ξ·
1094 804 1127 869 ολ

111 923 151 998 Α,
171 920 200 979 Β
223 912 290 1000 ἄρα
313 915 443 996 στερεοί
462 913 557 978 εἰσιν.

176 1024 270 1106 Λέγω
296 1018 378 1103 [m
403 1016 454 1084 ὅτι
476 1016 532 1083 καὶ
552 1013 673 1101 ὅμοιοι.
713 1015 782 1082 ἐπεὶ
805 1011 870 1102 γάρ
889 1016 926 1081 oc
945 1020 994 1100 Ν,
1014 1018 1047 1092 Ξ
1066 1014 1125 1082 τὸν

110 1131 141 1192 Β
167 1121 515 1200 πολλαπλασιάσαντες
541 1118 620 1199 τούς
643 1128 690 1206 Α,
709 1126 742 1188 Γ
763 1121 1003 1207 πεποιήκασιν,
1034 1125 1124 1189 ἔστιν

58 1245 90 1293 10
110 1229 176 1317 άρα
200 1230 246 1309 ὡς
269 1227 287 1297 6
312 1234 351 1295 Ν
368 1226 452 1312 πρὸς
474 1224 535 1293 τὸν
558 1228 600 1311 Ξ,
624 1223 642 1294 6
662 1235 694 1293 A
712 1223 796 1312 πρὸς
813 1224 874 1293 τὸν
891 1231 931 1311 Γ,
948 1228 1124 1295 τουτέστιν

110 1336 128 1404 6
155 1343 187 1402 Ε
213 1331 297 1422 πρὸς
328 1331 388 1400 τὸν
417 1339 453 1399 Ζ.
498 1329 570 1400 ἀλλ’
602 1332 647 1411 ὡς
672 1331 691 1399 6
721 1340 753 1398 Ε
777 1329 860 1417 πρὸς
886 1330 949 1400 τὸν
973 1340 1021 1419 Ζ,
1054 1361 1072 1402 ο
1097 1341 1125 1401 Θ

109 1439 193 1526 πρὸς
214 1439 276 1507 τὸν
299 1445 330 1505 A
351 1438 449 1506 καὶὸ
474 1445 509 1505 K
529 1437 613 1524 πρὸς
634 1435 695 1506 τὸν
719 1445 770 1505 Μ·
796 1438 853 1504 καὶ
880 1435 925 1518 ὡς
953 1437 1025 1526 άρα
1055 1437 1073 1508 6
1096 1447 1124 1507 Θ

109 1544 193 1634 πρὸς
214 1544 275 1613 τὸν
299 1552 345 1630 Λ,
369 1542 476 1624 οὕτως
499 1543 518 1612 6
542 1551 576 1611 K
597 1543 681 1631 πρὸς
703 1542 764 1612 τὸν
787 1550 831 1610 Μ
852 1549 907 1610 καὶ
931 1543 949 1611 6
976 1551 1020 1611 N
1039 1543 1122 1634 πρὸς

109 1650 169 1721 τὸν
192 1654 229 1728 Ξ.
273 1656 332 1718 καί
353 1656 438 1719 εἰσιν
462 1651 579 1736 οἱμὲν
602 1657 641 1734 Θ,
660 1657 703 1734 Κ,
721 1657 761 1718 Ν
779 1649 918 1736 πλευραὶ
942 1654 1006 1718 τοῦ
1026 1659 1071 1737 Α,
1093 1654 1127 1719 οἱ

56 1781 90 1830 15
110 1759 147 1827 δὲ
175 1761 216 1842 Ξ,
236 1766 283 1844 A,
302 1765 347 1826 Μ
368 1757 508 1846 πλευραὶ
534 1761 596 1824 τοῦ
620 1765 657 1825 Β.
699 1759 735 1824 οἱ
759 1766 805 1842 A,
824 1765 852 1823 Β
879 1755 947 1842 άρα
977 1757 1124 1844 ἀριθμοὶ

111 1863 224 1952 ὅμοιοι
248 1871 378 1953 στερεοί
398 1869 496 1932 εἰσιν·
521 1862 602 1949 ὅπερ
627 1868 694 1931 ἔδει
718 1866 832 1944 δεῖξαι.

585 2060 649 2143 νβ’.

174 2179 262 2248 Ἐάν
289 2195 395 2267 τρεῖς
422 2181 590 2269 ἀριθμοὶ
614 2182 701 2267 ἑξῆς
728 2179 930 2266 άνάλομον
959 2175 1077 2267 ὦσιν,
1107 2210 1124 2250 ο

112 2287 154 2355 66
182 2291 334 2375 πρῶτος
359 2286 608 2374 τετράγωνος
635 2279 672 2375 ᾖ,
700 2289 763 2354 καὶ
793 2286 810 2354 6
834 2293 967 2375 τρίτος
989 2289 1124 2375 τετρά-

57 2417 91 2464 εο
110 2421 239 2481 μωνος
262 2398 378 2460 ἔσται.

168 2499 342 2567 Ἔστωσαν
369 2514 457 2583 τρεῖς
484 2497 626 2587 άοιθμοὶ
655 2501 729 2587 ἑξῆς
756 2497 935 2586 άνάλογον·
954 2504 991 2568 οἱ
1011 2509 1063 2587 A,
1081 2509 1119 2585 Β,

109 2612 148 2692 Γ,
172 2607 189 2674 6
216 2607 253 2674 δὲ
276 2609 405 2694 πρῶτος
428 2603 446 2672 6
471 2613 503 2673 A
525 2605 734 2691 τετράγωνος
756 2611 852 2674 ἔστω·
875 2607 973 2691 λέγω,
997 2605 1051 2674 ὅτι
1069 2606 1122 2674 καὶ

110 2712 127 2778 6
153 2719 263 2799 τρίτος
288 2708 305 2778 6
330 2716 363 2777 Γ
379 2710 589 2798 τετράγωνός
612 2715 711 2779 ἐστιν.

173 2814 262 2883 Ἐπεὶ
293 2814 357 2904 γὰρ
390 2820 458 2883 τοῖν
490 2826 537 2900 Α,
557 2823 589 2883 Γ
616 2811 663 2896 εἷς
694 2820 794 2904 μέσος
826 2816 998 2904 ἀνάλογόν
1031 2823 1122 2888 ἐστιν

56 2944 90 2994 25
111 2918 256 3007 ἀριθμὸς
289 2919 306 2988 6
340 2929 383 3006 Β,
413 2925 448 2988 οἱ
477 2930 524 3007 A,
553 2928 584 2989 Γ
613 2920 678 3010 άρα
707 2920 818 3009 ὅμοιοι
846 2926 1001 2992 ἐπίπεδοί
1026 2932 1122 2994 εἰσιν.

109 3026 317 3114 τετράγωνος
340 3025 377 3093 δὲ
401 3027 419 3094 6
444 3033 491 3093 A·
519 3027 725 3116 τετράγωνος
747 3027 813 3117 άρα
836 3029 891 3096 καὶ
921 3057 937 3098 (ῑ
966 3037 1009 3098 Γ·
1040 3030 1120 3116 ὅπερ

111 3137 179 3199 ἔδει
202 3133 316 3212 δεῖξαι.

111 3262 323 3270 ......—.—-—-

182 3316 207 3364 2.
227 3305 266 3434 ὁέῐ
279 3309 329 3363 καὶ
348 3305 362 3364 6
382 3310 413 3363 P.
477 3307 572 3433 meix]
587 3310 682 3365 insert.
701 3315 802 3380 postea
820 3312 854 3368 V.
918 3320 943 3370 4.
963 3309 1031 3385 τόν]
1052 3332 1118 3370 corr.

112 3398 146 3435 ex
164 3382 221 3435 τῶν
267 3423 274 3436 .
347 3388 371 3436 5.
391 3383 527 3448 πεποίηκε
579 3401 608 3449 φ.
647 3381 709 3449 Seq.
729 3382 760 3435 in
773 3383 839 3452 ch:
858 3381 909 3438 τὸν
928 3383 960 3438 δὲ
979 3388 1119 3440 Επολλα-

111 3447 268 3514 πλασιάσας
286 3449 336 3506 τὸν
357 3453 551 3519 Γπεποίηιες
570 3451 646 3505 idem
665 3452 738 3506 Bm.
758 3459 782 3508 2.
854 3462 877 3509 7.
897 3453 1030 3524 almvm.
1096 3462 1117 3510 8.
