2348 3818
106 162 173 228 294
484 163 685 216 mmmm
705 158 753 230 η’.-

106 309 206 372 είσίν·
229 305 285 372 καὶ
308 308 344 372 οί
365 313 408 390 A,
427 310 465 390 Γ,
485 313 529 389 A,
548 311 576 371 Β
595 303 662 390 ἅμα
684 317 754 384 τοῖς
777 311 817 388 Ε,
836 310 886 388 Μ,
905 309 950 386 Ν,
970 310 998 369 Ζ
1018 305 1057 370 ἐν
1075 304 1116 393 τῷ

106 408 196 500 αὐτῷ
224 409 314 501 λόγῳ
343 415 439 479 είσίν.
484 413 520 477 οί
542 409 579 477 δὲ
602 417 649 495 A,
667 416 710 494 Γ,
730 418 778 494 A,
798 415 826 475 Β
849 409 924 493 ἕξής
946 405 1118 494 ἀνάλογόν

106 521 205 584 είσιν·
233 517 290 583 καὶ
317 519 353 584 oc
374 524 418 602 E,
438 523 492 601 Μ,
511 523 561 602 Ν,
581 523 608 582 Ζ
631 514 697 601 ἅμα
721 517 795 601 ἑξής
822 510 995 600 ἀνάλογόν
1024 519 1119 582 είσιν.

106 620 181 691 ὅσοι
205 621 271 708 ἄρα
294 627 341 702 είς
363 621 442 702 τοὺς
464 630 508 709 A,
527 629 555 689 B
579 619 701 708 μεταξὺ
722 620 805 689 κατὰ
824 618 862 688 τὸ
882 620 1019 707 συνεχὲς
1039 617 1119 688 ἆνιὶ-

71 737 211 815 ολογον
239 727 492 816 ἐμπεπτώκασιν
519 727 675 814 ἀριθμοί,
708 731 863 794 τοσοῦτοι
889 727 945 794 καὶ
969 731 1018 806 είς
1041 726 1120 806 τοὺς

104 841 144 921 Ε,
163 840 191 899 Ζ
214 832 334 920 μεταξὺ
356 832 439 902 κατὰ
463 832 501 902 τὸ
526 832 661 920 συνεχὲς
679 830 849 918 ἀνάλογον
867 832 1120 918 ἐμπεπτώκασιν

105 938 260 1026 ἀριθμοί·
284 937 365 1022 ὅπερ
390 943 457 1007 ἔδει
481 940 594 1019 δεῖξαι.

588 1133 636 1199 θ’.

168 1255 256 1324 Ἐὰν
289 1255 361 1323 δύο
398 1253 566 1343 ἀριθμοὶ
602 1259 750 1343 πρώτοι
786 1255 884 1345 πρὸς
920 1255 1120 1343 ἀλλήλους

52 1378 86 1428 10
105 1354 218 1446 ώσιν,
247 1361 313 1428 καὶ
341 1365 397 1441 είς
420 1359 566 1440 αὐτούς
593 1361 736 1447 μεταξὺ
765 1361 861 1430 κατὰ
886 1360 927 1430 τὸ
952 1363 1119 1450 συνεχὲς

105 1465 308 1552 ἀνάλογον
344 1468 586 1553 ἐμπίπτωσιν
619 1465 803 1555 ἀριθμοί,
837 1465 925 1535 ὅσοι
959 1473 1018 1546 είς
1051 1467 1117 1536 αὐ-

104 1572 195 1653 τοὺς
232 1570 374 1660 μεταξὺ
410 1571 506 1640 κατὰ
542 1572 585 1641 τὸ
623 1573 784 1661 συνεχὲς
819 1572 1021 1660 ἀνάλογον
1057 1577 1119 1660 ἐμ-

105 1685 319 1748 πίπτουσιν
343 1678 526 1766 ἆριθμοί,
549 1683 736 1748 τοσοῦτοι
758 1680 823 1747 καὶ
842 1680 1032 1769 ἑκατέρου
1052 1679 1120 1748 αὐ-

104 1789 181 1853 τῶν
204 1787 269 1853 καὶ
292 1785 465 1871 μονάδος
488 1785 633 1872 μεταξὺ
656 1784 751 1853 κατὰ
776 1784 817 1854 τὸ
843 1785 1006 1873 συνεχὲς
1025 1784 1119 1853 ἀνώ-

53 1907 85 1956 15
105 1899 225 1977 λογον
249 1894 525 1978 ἐμπεσοῦνται.

162 1995 337 2065 Ἔστωσαν
366 1997 429 2065 δύο
458 1994 598 2084 ἀριθμοὶ
626 2001 752 2083 πρώτοι
779 1996 863 2085 πρὸς
890 1995 1058 2084 ἀλλήλους
1087 2002 1122 2066 οί

105 2111 153 2188 A,
172 2109 216 2186 Β,
246 2102 301 2170 καὶ
330 2107 377 2181 είς
404 2099 527 2181 αὐτοὺς
554 2100 676 2187 μεταξὺ
702 2101 785 2170 κατὰ
813 2100 852 2170 τὸ
877 2102 1013 2190 συνεχὲς
1035 2102 1120 2171 οἶνοί-

105 2216 208 2292 λομον
233 2208 483 2292 ἐμπιπτέτωσαν
507 2210 542 2273 οί
562 2213 606 2293 Γ,
626 2216 675 2292 A,
698 2208 754 2275 καὶ
778 2210 939 2276 ἐκκείσθω
963 2205 984 2294 ή
1009 2217 1041 2276 Ε
1063 2237 1119 2296 μο-

105 2311 179 2393 νώς·
210 2313 312 2398 λέγω,
340 2311 391 2380 ὅτι
419 2312 495 2380 ὅσοι
521 2317 569 2391 είς
595 2312 675 2390 τοὺς
702 2320 795 2396 Α,Β
824 2312 944 2398 μεταξὺ
972 2314 1057 2380 κατὰ
1081 2315 1118 2382 τὸ

52 2437 86 2486 20
106 2417 241 2505 συνεχὲς
272 2415 442 2504 ἀνάλογον
480 2418 730 2504 ἐμπεπτώκασιν
767 2415 912 2506 ἀριθμοί
917 2470 926 2504 ,
963 2425 1118 2488 τοσοῦτοι

104 2524 161 2592 καὶ
183 2526 341 2612 ἑκατέρου
363 2529 432 2592 τών
454 2532 498 2610 A,
517 2531 545 2591 B
568 2525 624 2591 καὶ
642 2527 701 2610 τής
724 2524 871 2611 μονάδος
893 2524 1016 2610 μεταξὺ
1034 2525 1118 2594 κατὰ

104 2629 142 2700 τὸ
167 2630 303 2719 συνεχὲς
326 2629 496 2717 ἀνάλογον
520 2633 751 2716 ἐμπεσοῦνται.

172 2737 405 2823 Εἰλήφθωσαν
437 2735 502 2824 γὰρ
536 2736 599 2803 δύο
626 2736 688 2824 μὲν
716 2735 857 2824 ἀριθμοὶ
886 2736 1053 2823 ἐλάχιστοι
1082 2739 1119 2806 ἐν

105 2847 150 2935 τῷ
174 2848 243 2910 τών
266 2851 309 2927 A,
329 2849 365 2928 Γ,
385 2852 428 2928 A,
447 2850 476 2910 Β
499 2841 589 2930 λόγῳ
614 2841 707 2923 ὄντες
730 2845 766 2911 οί
787 2850 830 2928 Ζ,
849 2850 894 2927 Η,
917 2856 1005 2928 τρεῖς
1028 2843 1067 2910 δὲ
1087 2847 1121 2911 οἱ

53 2967 87 3016 25
107 2957 146 3033 Θ,
166 2953 209 3033 K,
229 2955 271 3032 A,
294 2949 349 3014 καὶ
373 2947 425 3016 ἀεὶ
449 2950 524 3035 ἑξῆς
542 2948 593 3016 ἑνὶ
612 2954 756 3034 πλείους,
781 2950 842 3029 ἕως
860 2945 904 3016 ίιν
924 2957 1000 3016 ίσον
1023 2950 1120 3036 γένη-

105 3081 159 3122 ται
191 3052 228 3121 τὸ
256 3059 386 3140 πλῆθος
413 3054 525 3123 αὐτῶν
552 3059 597 3146 τῷ
626 3054 748 3140 πλήθει
778 3059 846 3123 τών
873 3063 921 3141 A,
944 3061 987 3140 Γ,
1013 3064 1061 3140 Δ,
1082 3063 1119 3123 Β.

107 3159 341 3246 εἰλήφθωσαν,
368 3161 423 3228 καὶ
452 3165 600 3228 ἔστωσαν
624 3164 659 3228 oc
680 3169 734 3247 Μ,
754 3168 804 3247 Ν,
822 3165 864 3247 Ξ,
886 3167 922 3227 O.
968 3161 1119 3249 φανερὸν

178 3415 202 3463 1.
222 3407 305 3480 εἰσίν]
325 3425 380 3463 om.
399 3408 429 3464 P.
502 3407 551 3460 καὶ
570 3404 599 3461 οἱ
611 3438 645 3448 -
660 3413 690 3461 2:
714 3402 786 3480 λόγῳ
811 3405 895 3477 είσίν]
914 3424 970 3476 mg.
990 3425 1028 3462 m.
1049 3413 1063 3461 1
1084 3406 1117 3472 V,

100 3498 153 3537 om.
181 3501 210 3550 ω.
286 3477 422 3554 λείων]
446 3477 546 3552 (prius)
572 3476 706 3546 stotth.
779 3483 820 3532 10.
839 3471 891 3531 ώσι
908 3477 1000 3546 PVQ.
1075 3483 1116 3531 11.
