<?xml version="1.0" encoding="UTF-8"?>
<!DOCTYPE html PUBLIC "-//W3C//DTD XHTML 1.0 Transitional//EN"
    "http://www.w3.org/TR/xhtml1/DTD/xhtml1-transitional.dtd">
<html xmlns="http://www.w3.org/1999/xhtml" xml:lang="en" lang="en">
 <head>
  <title>
</title>
<meta http-equiv="Content-Type" content="text/html;charset=utf-8" />
  <meta name='ocr-system' content='tesseract 3.04.00' />
  <meta name='ocr-capabilities' content='ocr_page ocr_carea ocr_par ocr_line ocrx_word'/>
</head>
<body>
  <div class='ocr_page' id='page_1' title='image "./euclidisoperaom15unkngoog_0426.png"; bbox 0 0 2348 3818; ppageno 0'>
   <div class='ocr_carea' id='block_1_1' title="bbox 332 167 1076 232">
    <p class='ocr_par' dir='ltr' id='par_1_1' title="bbox 332 167 1076 232">
     <span class='ocr_line' id='line_1_1' title="bbox 332 167 1076 232; baseline 0.016 -12"><span class='ocrx_word' id='word_1_1' title='bbox 332 170 606 221; x_wconf 77' lang='lat' dir='ltr'><strong>nnmmnronnn</strong></span> <span class='ocrx_word' id='word_1_2' title='bbox 622 172 731 221; x_wconf 79' lang='lat' dir='ltr'><strong>nmna</strong></span> <span class='ocrx_word' id='word_1_3' title='bbox 748 171 795 224; x_wconf 80' lang='lat' dir='ltr'><strong>lx.</strong></span> <span class='ocrx_word' id='word_1_4' title='bbox 1009 167 1076 232; x_wconf 82' lang='lat'><strong>405</strong></span> 
     </span>
    </p>
   </div>
   <div class='ocr_carea' id='block_1_2' title="bbox 495 345 646 413">
    <p class='ocr_par' dir='ltr' id='par_1_2' title="bbox 495 345 646 413">
     <span class='ocr_line' id='line_1_2' title="bbox 495 345 646 413; baseline 0 -1"><span class='ocrx_word' id='word_1_5' title='bbox 495 345 646 413; x_wconf 89' lang='lat' dir='ltr'>XXXIV.</span> 
     </span>
    </p>
   </div>
   <div class='ocr_carea' id='block_1_3' title="bbox 59 467 1078 2463">
    <p class='ocr_par' dir='ltr' id='par_1_3' title="bbox 60 467 1075 768">
     <span class='ocr_line' id='line_1_3' title="bbox 129 467 1075 555; baseline 0.004 -23"><span class='ocrx_word' id='word_1_6' title='bbox 129 467 163 532; x_wconf 81' lang='lat' dir='ltr'><strong>si</strong></span> <span class='ocrx_word' id='word_1_7' title='bbox 177 491 330 534; x_wconf 87' lang='lat' dir='ltr'><strong>numerus</strong></span> <span class='ocrx_word' id='word_1_8' title='bbox 346 470 463 553; x_wconf 84' lang='lat' dir='ltr'><strong>aliquis</strong></span> <span class='ocrx_word' id='word_1_9' title='bbox 476 492 536 535; x_wconf 86' lang='lat' dir='ltr'><strong>neo</strong></span> <span class='ocrx_word' id='word_1_10' title='bbox 551 493 590 535; x_wconf 84' lang='lat' dir='ltr'><strong>ex</strong></span> <span class='ocrx_word' id='word_1_11' title='bbox 604 471 644 535; x_wconf 82' lang='lat' dir='ltr'><strong>iis</strong></span> <span class='ocrx_word' id='word_1_12' title='bbox 661 475 719 554; x_wconf 85' lang='lat' dir='ltr'><strong>est,</strong></span> <span class='ocrx_word' id='word_1_13' title='bbox 738 469 794 555; x_wconf 90' lang='lat' dir='ltr'><strong>qui</strong></span> <span class='ocrx_word' id='word_1_14' title='bbox 809 493 828 534; x_wconf 90' lang='lat' dir='ltr'><strong>a</strong></span> <span class='ocrx_word' id='word_1_15' title='bbox 845 470 973 537; x_wconf 87' lang='lat' dir='ltr'><strong>binario</strong></span> <span class='ocrx_word' id='word_1_16' title='bbox 994 493 1075 536; x_wconf 86' lang='lat' dir='ltr'><strong>sem-</strong></span> 
     </span>
     <span class='ocr_line' id='line_1_4' title="bbox 60 575 1074 660; baseline 0.002 -21"><span class='ocrx_word' id='word_1_17' title='bbox 60 597 120 660; x_wconf 86' lang='lat' dir='ltr'><strong>per</strong></span> <span class='ocrx_word' id='word_1_18' title='bbox 139 575 394 658; x_wconf 86' lang='lat' dir='ltr'><strong>eonduplioando</strong></span> <span class='ocrx_word' id='word_1_19' title='bbox 414 576 644 659; x_wconf 81' lang='lat' dir='ltr'><strong>producuntur,</strong></span> <span class='ocrx_word' id='word_1_20' title='bbox 662 598 721 641; x_wconf 89' lang='lat' dir='ltr'><strong>nee</strong></span> <span class='ocrx_word' id='word_1_21' title='bbox 736 575 903 640; x_wconf 89' lang='lat' dir='ltr'><strong>dimidium</strong></span> <span class='ocrx_word' id='word_1_22' title='bbox 917 577 1074 659; x_wconf 84' lang='lat' dir='ltr'><strong>imparem</strong></span> 
     </span>
     <span class='ocr_line' id='line_1_5' title="bbox 61 679 896 768; baseline 0.001 -23"><span class='ocrx_word' id='word_1_23' title='bbox 61 681 171 765; x_wconf 84' lang='lat' dir='ltr'><strong>habet,</strong></span> <span class='ocrx_word' id='word_1_24' title='bbox 195 687 228 746; x_wconf 92' lang='lat' dir='ltr'><strong>et</strong></span> <span class='ocrx_word' id='word_1_25' title='bbox 250 681 374 766; x_wconf 90' lang='lat' dir='ltr'><strong>pariter</strong></span> <span class='ocrx_word' id='word_1_26' title='bbox 396 704 456 765; x_wconf 86' lang='lat' dir='ltr'><strong>par</strong></span> <span class='ocrx_word' id='word_1_27' title='bbox 479 687 529 747; x_wconf 85' lang='lat' dir='ltr'><strong>est</strong></span> <span class='ocrx_word' id='word_1_28' title='bbox 553 687 586 748; x_wconf 86' lang='lat' dir='ltr'><strong>et</strong></span> <span class='ocrx_word' id='word_1_29' title='bbox 608 683 732 766; x_wconf 85' lang='lat' dir='ltr'><strong>pariter</strong></span> <span class='ocrx_word' id='word_1_30' title='bbox 754 679 896 768; x_wconf 83' lang='lat' dir='ltr'><strong>impar.¹)</strong></span> 
     </span>
    </p>

    <p class='ocr_par' dir='ltr' id='par_1_4' title="bbox 60 786 1075 1190">
     <span class='ocr_line' id='line_1_6' title="bbox 128 786 1074 873; baseline -0.001 -20"><span class='ocrx_word' id='word_1_31' title='bbox 128 786 214 853; x_wconf 85' lang='lat' dir='ltr'><strong>Nam</strong></span> <span class='ocrx_word' id='word_1_32' title='bbox 250 810 404 852; x_wconf 87' lang='lat' dir='ltr'><strong>numerus</strong></span> <span class='ocrx_word' id='word_1_33' title='bbox 433 793 465 852; x_wconf 89' lang='lat' dir='ltr'><em>A</em></span> <span class='ocrx_word' id='word_1_34' title='bbox 497 810 537 851; x_wconf 91' lang='lat' dir='ltr'><strong>ne</strong></span> <span class='ocrx_word' id='word_1_35' title='bbox 571 788 614 852; x_wconf 87' lang='lat' dir='ltr'><strong>sit</strong></span> <span class='ocrx_word' id='word_1_36' title='bbox 646 810 685 852; x_wconf 86' lang='lat' dir='ltr'><strong>ex</strong></span> <span class='ocrx_word' id='word_1_37' title='bbox 717 788 773 873; x_wconf 65' lang='lat' dir='ltr'><strong>riq,</strong></span> <span class='ocrx_word' id='word_1_38' title='bbox 803 789 859 871; x_wconf 91' lang='lat' dir='ltr'><strong>qni</strong></span> <span class='ocrx_word' id='word_1_39' title='bbox 893 810 913 851; x_wconf 87' lang='lat' dir='ltr'><strong>a</strong></span> <span class='ocrx_word' id='word_1_40' title='bbox 947 787 1074 852; x_wconf 84' lang='lat' dir='ltr'><strong>binario</strong></span> 
     </span>
     <span class='ocr_line' id='line_1_7' title="bbox 60 893 1075 980; baseline -0.001 -21"><span class='ocrx_word' id='word_1_41' title='bbox 60 942 304 980; x_wconf 71' lang='grc'><strong>,,,,,,,,,,</strong></span> <span class='ocrx_word' id='word_1_42' title='bbox 331 915 457 977; x_wconf 83' lang='lat' dir='ltr'><strong>semper</strong></span> <span class='ocrx_word' id='word_1_43' title='bbox 472 893 726 978; x_wconf 81' lang='lat' dir='ltr'><strong>conduplicando</strong></span> <span class='ocrx_word' id='word_1_44' title='bbox 745 893 975 977; x_wconf 81' lang='lat' dir='ltr'><strong>producuntur,</strong></span> <span class='ocrx_word' id='word_1_45' title='bbox 993 915 1075 958; x_wconf 90' lang='lat' dir='ltr'><strong>neue</strong></span> 
     </span>
     <span class='ocr_line' id='line_1_8' title="bbox 60 984 1073 1084; baseline 0.002 -21"><span class='ocrx_word' id='word_1_46' title='bbox 60 984 84 1032; x_wconf 64' lang='grc' dir='ltr'><em>Α</em></span> <span class='ocrx_word' id='word_1_47' title='bbox 330 1000 497 1064; x_wconf 89' lang='lat' dir='ltr'><strong>dimidium</strong></span> <span class='ocrx_word' id='word_1_48' title='bbox 516 1000 673 1084; x_wconf 85' lang='lat' dir='ltr'><strong>imparem</strong></span> <span class='ocrx_word' id='word_1_49' title='bbox 696 1000 824 1064; x_wconf 85' lang='lat' dir='ltr'><strong>habeat.</strong></span> <span class='ocrx_word' id='word_1_50' title='bbox 862 1000 942 1083; x_wconf 84' lang='lat' dir='ltr'><strong>dieo,</strong></span> <span class='ocrx_word' id='word_1_51' title='bbox 965 1021 1073 1065; x_wconf 91' lang='lat' dir='ltr'><strong>nume·</strong></span> 
     </span>
     <span class='ocr_line' id='line_1_9' title="bbox 60 1106 1006 1190; baseline 0.002 -22"><span class='ocrx_word' id='word_1_52' title='bbox 60 1127 134 1168; x_wconf 91' lang='lat' dir='ltr'><strong>rum</strong></span> <span class='ocrx_word' id='word_1_53' title='bbox 157 1110 190 1167; x_wconf 90' lang='lat' dir='ltr'><em>A</em></span> <span class='ocrx_word' id='word_1_54' title='bbox 214 1108 246 1168; x_wconf 86' lang='lat' dir='ltr'><strong>et</strong></span> <span class='ocrx_word' id='word_1_55' title='bbox 266 1106 391 1188; x_wconf 86' lang='lat' dir='ltr'><strong>pariter</strong></span> <span class='ocrx_word' id='word_1_56' title='bbox 414 1127 526 1189; x_wconf 86' lang='lat' dir='ltr'><strong>parem</strong></span> <span class='ocrx_word' id='word_1_57' title='bbox 546 1109 579 1169; x_wconf 85' lang='lat' dir='ltr'><strong>et</strong></span> <span class='ocrx_word' id='word_1_58' title='bbox 601 1107 724 1190; x_wconf 85' lang='lat' dir='ltr'><strong>pariter</strong></span> <span class='ocrx_word' id='word_1_59' title='bbox 745 1106 904 1188; x_wconf 86' lang='lat' dir='ltr'><strong>imparem</strong></span> <span class='ocrx_word' id='word_1_60' title='bbox 928 1127 1006 1170; x_wconf 87' lang='lat' dir='ltr'><strong>esse.</strong></span> 
     </span>
    </p>

    <p class='ocr_par' dir='ltr' id='par_1_5' title="bbox 59 1200 1078 2463">
     <span class='ocr_line' id='line_1_10' title="bbox 129 1200 1077 1295; baseline 0.003 -22"><span class='ocrx_word' id='word_1_61' title='bbox 129 1211 195 1273; x_wconf 87' lang='lat' dir='ltr'><strong>iam</strong></span> <span class='ocrx_word' id='word_1_62' title='bbox 224 1233 395 1275; x_wconf 89' lang='lat' dir='ltr'><strong>numerum</strong></span> <span class='ocrx_word' id='word_1_63' title='bbox 417 1218 450 1275; x_wconf 89' lang='lat' dir='ltr'><em>A</em></span> <span class='ocrx_word' id='word_1_64' title='bbox 472 1212 595 1295; x_wconf 87' lang='lat' dir='ltr'><strong>pariter</strong></span> <span class='ocrx_word' id='word_1_65' title='bbox 618 1233 729 1295; x_wconf 86' lang='lat' dir='ltr'><strong>parem</strong></span> <span class='ocrx_word' id='word_1_66' title='bbox 753 1200 838 1294; x_wconf 82' lang='lat' dir='ltr'><strong>esse,</strong></span> <span class='ocrx_word' id='word_1_67' title='bbox 865 1210 1077 1276; x_wconf 83' lang='lat' dir='ltr'><strong>manifestum</strong></span> 
     </span>
     <span class='ocr_line' id='line_1_11' title="bbox 61 1315 1076 1401; baseline 0.004 -22"><span class='ocrx_word' id='word_1_68' title='bbox 61 1319 114 1379; x_wconf 86' lang='lat' dir='ltr'><strong>est</strong></span> <span class='ocrx_word' id='word_1_69' title='bbox 137 1315 214 1395; x_wconf 88' lang='lat' dir='ltr'>[VII</span> <span class='ocrx_word' id='word_1_70' title='bbox 237 1316 299 1380; x_wconf 90' lang='lat' dir='ltr'><strong>def.</strong></span> <span class='ocrx_word' id='word_1_71' title='bbox 324 1318 371 1399; x_wconf 86' lang='lat'><strong>8];</strong></span> <span class='ocrx_word' id='word_1_72' title='bbox 399 1339 477 1380; x_wconf 90' lang='lat' dir='ltr'><strong>nam</strong></span> <span class='ocrx_word' id='word_1_73' title='bbox 507 1318 674 1382; x_wconf 87' lang='lat' dir='ltr'><strong>dimidium</strong></span> <span class='ocrx_word' id='word_1_74' title='bbox 698 1319 855 1401; x_wconf 82' lang='lat' dir='ltr'><strong>imparem</strong></span> <span class='ocrx_word' id='word_1_75' title='bbox 878 1338 945 1381; x_wconf 94' lang='lat' dir='ltr'><strong>non</strong></span> <span class='ocrx_word' id='word_1_76' title='bbox 967 1317 1076 1383; x_wconf 86' lang='lat' dir='ltr'><strong>habet.</strong></span> 
     </span>
     <span class='ocr_line' id='line_1_12' title="bbox 63 1421 1077 1510; baseline 0.002 -25"><span class='ocrx_word' id='word_1_77' title='bbox 63 1421 146 1506; x_wconf 84' lang='lat' dir='ltr'><strong>dieo,</strong></span> <span class='ocrx_word' id='word_1_78' title='bbox 165 1423 302 1487; x_wconf 89' lang='lat' dir='ltr'><strong>eundem</strong></span> <span class='ocrx_word' id='word_1_79' title='bbox 321 1423 444 1510; x_wconf 88' lang='lat' dir='ltr'><strong>pariter</strong></span> <span class='ocrx_word' id='word_1_80' title='bbox 462 1422 620 1506; x_wconf 83' lang='lat' dir='ltr'><strong>imparem</strong></span> <span class='ocrx_word' id='word_1_81' title='bbox 639 1446 717 1488; x_wconf 90' lang='lat' dir='ltr'><strong>esse.</strong></span> <span class='ocrx_word' id='word_1_82' title='bbox 749 1446 827 1488; x_wconf 90' lang='lat' dir='ltr'><strong>nam</strong></span> <span class='ocrx_word' id='word_1_83' title='bbox 847 1425 875 1487; x_wconf 88' lang='lat' dir='ltr'><strong>si</strong></span> <span class='ocrx_word' id='word_1_84' title='bbox 890 1429 923 1488; x_wconf 92' lang='lat' dir='ltr'><em>A</em></span> <span class='ocrx_word' id='word_1_85' title='bbox 942 1423 977 1486; x_wconf 90' lang='lat' dir='ltr'><strong>in</strong></span> <span class='ocrx_word' id='word_1_86' title='bbox 996 1423 1077 1487; x_wconf 84' lang='lat' dir='ltr'><strong>duas</strong></span> 
     </span>
     <span class='ocr_line' id='line_1_13' title="bbox 60 1528 1078 1611; baseline 0.003 -21"><span class='ocrx_word' id='word_1_87' title='bbox 60 1531 174 1610; x_wconf 85' lang='lat' dir='ltr'><strong>partes</strong></span> <span class='ocrx_word' id='word_1_88' title='bbox 207 1529 357 1611; x_wconf 81' lang='lat' dir='ltr'>aequales</span> <span class='ocrx_word' id='word_1_89' title='bbox 390 1528 594 1592; x_wconf 88' lang='lat' dir='ltr'><strong>diuiserimus</strong></span> <span class='ocrx_word' id='word_1_90' title='bbox 630 1533 663 1593; x_wconf 86' lang='lat' dir='ltr'><strong>et</strong></span> <span class='ocrx_word' id='word_1_91' title='bbox 694 1552 804 1594; x_wconf 88' lang='lat' dir='ltr'><strong>rursus</strong></span> <span class='ocrx_word' id='word_1_92' title='bbox 842 1529 1011 1594; x_wconf 89' lang='lat' dir='ltr'><strong>dimidium</strong></span> <span class='ocrx_word' id='word_1_93' title='bbox 1045 1533 1078 1593; x_wconf 86' lang='lat' dir='ltr'><strong>et</strong></span> 
     </span>
     <span class='ocr_line' id='line_1_14' title="bbox 59 1633 1078 1718; baseline 0.003 -22"><span class='ocrx_word' id='word_1_94' title='bbox 59 1633 149 1697; x_wconf 87' lang='lat' dir='ltr'><strong>idem</strong></span> <span class='ocrx_word' id='word_1_95' title='bbox 173 1655 299 1716; x_wconf 80' lang='lat' dir='ltr'><strong>semper</strong></span> <span class='ocrx_word' id='word_1_96' title='bbox 322 1633 471 1718; x_wconf 84' lang='lat' dir='ltr'><strong>deinceps</strong></span> <span class='ocrx_word' id='word_1_97' title='bbox 494 1635 679 1718; x_wconf 85' lang='lat' dir='ltr'><strong>fecerimus,</strong></span> <span class='ocrx_word' id='word_1_98' title='bbox 707 1635 881 1718; x_wconf 87' lang='lat' dir='ltr'><strong>aliquando</strong></span> <span class='ocrx_word' id='word_1_99' title='bbox 906 1636 946 1699; x_wconf 84' lang='lat' dir='ltr'><strong>ad</strong></span> <span class='ocrx_word' id='word_1_100' title='bbox 968 1648 1078 1699; x_wconf 87' lang='lat' dir='ltr'><strong>nnme-</strong></span> 
     </span>
     <span class='ocr_line' id='line_1_15' title="bbox 62 1739 1077 1823; baseline 0.001 -22"><span class='ocrx_word' id='word_1_101' title='bbox 62 1760 138 1802; x_wconf 88' lang='lat' dir='ltr'><strong>rum</strong></span> <span class='ocrx_word' id='word_1_102' title='bbox 156 1739 390 1821; x_wconf 87' lang='lat' dir='ltr'><strong>perueniemus‚</strong></span> <span class='ocrx_word' id='word_1_103' title='bbox 409 1739 463 1823; x_wconf 92' lang='lat' dir='ltr'><strong>qui</strong></span> <span class='ocrx_word' id='word_1_104' title='bbox 481 1761 651 1804; x_wconf 88' lang='lat' dir='ltr'><strong>numerum</strong></span> <span class='ocrx_word' id='word_1_105' title='bbox 666 1746 699 1803; x_wconf 89' lang='lat' dir='ltr'><em>A</em></span> <span class='ocrx_word' id='word_1_106' title='bbox 717 1739 891 1803; x_wconf 86' lang='lat' dir='ltr'><strong>seeundum</strong></span> <span class='ocrx_word' id='word_1_107' title='bbox 907 1761 1077 1803; x_wconf 91' lang='lat' dir='ltr'><strong>numerum</strong></span> 
     </span>
     <span class='ocr_line' id='line_1_16' title="bbox 64 1844 1078 1930; baseline 0 -22"><span class='ocrx_word' id='word_1_108' title='bbox 64 1866 181 1928; x_wconf 89' lang='lat' dir='ltr'><strong>parem</strong></span> <span class='ocrx_word' id='word_1_109' title='bbox 203 1844 343 1908; x_wconf 84' lang='lat' dir='ltr'><strong>metitur.</strong></span> <span class='ocrx_word' id='word_1_110' title='bbox 380 1867 456 1909; x_wconf 89' lang='lat' dir='ltr'><strong>nam</strong></span> <span class='ocrx_word' id='word_1_111' title='bbox 480 1847 508 1910; x_wconf 89' lang='lat' dir='ltr'><strong>si</strong></span> <span class='ocrx_word' id='word_1_112' title='bbox 531 1847 646 1930; x_wconf 84' lang='lat' dir='ltr'><strong>minus,</strong></span> <span class='ocrx_word' id='word_1_113' title='bbox 670 1847 710 1910; x_wconf 85' lang='lat' dir='ltr'><strong>ad</strong></span> <span class='ocrx_word' id='word_1_114' title='bbox 733 1846 895 1911; x_wconf 90' lang='lat' dir='ltr'><strong>binarium</strong></span> <span class='ocrx_word' id='word_1_115' title='bbox 913 1845 1078 1929; x_wconf 89' lang='lat' dir='ltr'><strong>peruenie-</strong></span> 
     </span>
     <span class='ocr_line' id='line_1_17' title="bbox 65 1950 1077 2035; baseline 0 -21"><span class='ocrx_word' id='word_1_116' title='bbox 65 1972 150 2032; x_wconf 84' lang='lat' dir='ltr'><strong>mns‚</strong></span> <span class='ocrx_word' id='word_1_117' title='bbox 173 1954 206 2015; x_wconf 86' lang='lat' dir='ltr'><strong>et</strong></span> <span class='ocrx_word' id='word_1_118' title='bbox 229 1956 260 2014; x_wconf 88' lang='lat' dir='ltr'><em>A</em></span> <span class='ocrx_word' id='word_1_119' title='bbox 284 1973 323 2014; x_wconf 88' lang='lat' dir='ltr'><strong>ex</strong></span> <span class='ocrx_word' id='word_1_120' title='bbox 345 1952 386 2015; x_wconf 89' lang='lat' dir='ltr'><strong>iis</strong></span> <span class='ocrx_word' id='word_1_121' title='bbox 411 1953 480 2035; x_wconf 86' lang='lat' dir='ltr'><strong>erit,</strong></span> <span class='ocrx_word' id='word_1_122' title='bbox 504 1953 560 2035; x_wconf 89' lang='lat' dir='ltr'><strong>qui</strong></span> <span class='ocrx_word' id='word_1_123' title='bbox 583 1952 745 2016; x_wconf 84' lang='lat' dir='ltr'><strong>abinario</strong></span> <span class='ocrx_word' id='word_1_124' title='bbox 766 1974 893 2034; x_wconf 86' lang='lat' dir='ltr'><strong>semper</strong></span> <span class='ocrx_word' id='word_1_125' title='bbox 913 1950 1077 2034; x_wconf 80' lang='lat' dir='ltr'><strong>condupli-</strong></span> 
     </span>
     <span class='ocr_line' id='line_1_18' title="bbox 64 2056 1076 2141; baseline -0.001 -20"><span class='ocrx_word' id='word_1_126' title='bbox 64 2056 168 2121; x_wconf 82' lang='lat' dir='ltr'><strong>cando</strong></span> <span class='ocrx_word' id='word_1_127' title='bbox 181 2057 418 2140; x_wconf 80' lang='lat' dir='ltr'><strong>producuntur3</strong></span> <span class='ocrx_word' id='word_1_128' title='bbox 437 2059 522 2141; x_wconf 88' lang='lat' dir='ltr'><strong>quod</strong></span> <span class='ocrx_word' id='word_1_129' title='bbox 538 2062 586 2122; x_wconf 85' lang='lat' dir='ltr'><strong>est</strong></span> <span class='ocrx_word' id='word_1_130' title='bbox 600 2063 712 2124; x_wconf 83' lang='lat' dir='ltr'><strong>eontra</strong></span> <span class='ocrx_word' id='word_1_131' title='bbox 726 2057 945 2141; x_wconf 81' lang='lat' dir='ltr'><strong>hypothesim.</strong></span> <span class='ocrx_word' id='word_1_132' title='bbox 977 2079 1076 2141; x_wconf 89' lang='lat' dir='ltr'><strong>quare</strong></span> 
     </span>
     <span class='ocr_line' id='line_1_19' title="bbox 61 2163 1077 2246; baseline 0.003 -20"><span class='ocrx_word' id='word_1_133' title='bbox 61 2168 97 2226; x_wconf 90' lang='lat' dir='ltr'><em>A</em></span> <span class='ocrx_word' id='word_1_134' title='bbox 118 2163 241 2246; x_wconf 81' lang='lat' dir='ltr'><strong>pariter</strong></span> <span class='ocrx_word' id='word_1_135' title='bbox 263 2163 368 2246; x_wconf 89' lang='lat' dir='ltr'><strong>impar</strong></span> <span class='ocrx_word' id='word_1_136' title='bbox 390 2164 452 2227; x_wconf 86' lang='lat' dir='ltr'><strong>erit</strong></span> <span class='ocrx_word' id='word_1_137' title='bbox 477 2163 554 2244; x_wconf 91' lang='lat' dir='ltr'>[VII</span> <span class='ocrx_word' id='word_1_138' title='bbox 578 2164 639 2229; x_wconf 85' lang='lat' dir='ltr'><strong>del.</strong></span> <span class='ocrx_word' id='word_1_139' title='bbox 663 2165 706 2245; x_wconf 86' lang='lat'><strong>9].</strong></span> <span class='ocrx_word' id='word_1_140' title='bbox 744 2164 798 2229; x_wconf 87' lang='lat' dir='ltr'><strong>sed</strong></span> <span class='ocrx_word' id='word_1_141' title='bbox 822 2164 1077 2229; x_wconf 84' lang='lat' dir='ltr'><strong>demonstratum</strong></span> 
     </span>
     <span class='ocr_line' id='line_1_20' title="bbox 62 2269 1078 2355; baseline 0.002 -24"><span class='ocrx_word' id='word_1_142' title='bbox 62 2271 129 2351; x_wconf 86' lang='lat' dir='ltr'><strong>est,</strong></span> <span class='ocrx_word' id='word_1_143' title='bbox 158 2269 293 2333; x_wconf 88' lang='lat' dir='ltr'><strong>eundem</strong></span> <span class='ocrx_word' id='word_1_144' title='bbox 323 2270 445 2352; x_wconf 85' lang='lat' dir='ltr'><strong>pariter</strong></span> <span class='ocrx_word' id='word_1_145' title='bbox 472 2293 585 2354; x_wconf 89' lang='lat' dir='ltr'><strong>parem</strong></span> <span class='ocrx_word' id='word_1_146' title='bbox 614 2292 693 2335; x_wconf 88' lang='lat' dir='ltr'><strong>esse.</strong></span> <span class='ocrx_word' id='word_1_147' title='bbox 740 2291 815 2355; x_wconf 83' lang='lat' dir='ltr'><strong>ergo</strong></span> <span class='ocrx_word' id='word_1_148' title='bbox 839 2276 871 2334; x_wconf 90' lang='lat' dir='ltr'><em>A</em></span> <span class='ocrx_word' id='word_1_149' title='bbox 899 2273 933 2334; x_wconf 85' lang='lat' dir='ltr'><strong>et</strong></span> <span class='ocrx_word' id='word_1_150' title='bbox 955 2271 1078 2355; x_wconf 84' lang='lat' dir='ltr'><strong>pariter</strong></span> 
     </span>
     <span class='ocr_line' id='line_1_21' title="bbox 63 2377 1076 2463; baseline 0.003 -26"><span class='ocrx_word' id='word_1_151' title='bbox 63 2396 127 2457; x_wconf 88' lang='lat' dir='ltr'><strong>par</strong></span> <span class='ocrx_word' id='word_1_152' title='bbox 154 2378 186 2439; x_wconf 88' lang='lat' dir='ltr'><strong>et</strong></span> <span class='ocrx_word' id='word_1_153' title='bbox 212 2377 334 2459; x_wconf 85' lang='lat' dir='ltr'><strong>pariter</strong></span> <span class='ocrx_word' id='word_1_154' title='bbox 356 2377 462 2459; x_wconf 85' lang='lat' dir='ltr'><strong>impar</strong></span> <span class='ocrx_word' id='word_1_155' title='bbox 485 2384 548 2461; x_wconf 67' lang='grc' dir='ltr'><strong>ιιι,</strong></span> <span class='ocrx_word' id='word_1_156' title='bbox 575 2377 660 2463; x_wconf 89' lang='lat' dir='ltr'><strong>quod</strong></span> <span class='ocrx_word' id='word_1_157' title='bbox 684 2380 755 2441; x_wconf 85' lang='lat' dir='ltr'><strong>erat</strong></span> <span class='ocrx_word' id='word_1_158' title='bbox 778 2377 1076 2441; x_wconf 87' lang='lat' dir='ltr'><strong>demonstrandum.</strong></span> 
     </span>
    </p>
   </div>
   <div class='ocr_carea' id='block_1_4' title="bbox 503 2569 635 2636">
    <p class='ocr_par' dir='ltr' id='par_1_6' title="bbox 503 2569 635 2636">
     <span class='ocr_line' id='line_1_22' title="bbox 503 2569 635 2636; baseline 0.015 -2"><span class='ocrx_word' id='word_1_159' title='bbox 503 2569 635 2636; x_wconf 87' lang='lat' dir='ltr'>XXXV.</span> 
     </span>
    </p>
   </div>
   <div class='ocr_carea' id='block_1_5' title="bbox 64 2690 1078 2883">
    <p class='ocr_par' dir='ltr' id='par_1_7' title="bbox 64 2690 1078 2883">
     <span class='ocr_line' id='line_1_23' title="bbox 133 2690 1078 2778; baseline 0.001 -22"><span class='ocrx_word' id='word_1_160' title='bbox 133 2690 167 2756; x_wconf 81' lang='lat' dir='ltr'><strong>Si</strong></span> <span class='ocrx_word' id='word_1_161' title='bbox 195 2693 355 2775; x_wconf 73' lang='lat' dir='ltr'><strong>quotlibet</strong></span> <span class='ocrx_word' id='word_1_162' title='bbox 381 2696 510 2759; x_wconf 88' lang='lat' dir='ltr'><strong>numeri</strong></span> <span class='ocrx_word' id='word_1_163' title='bbox 534 2694 683 2778; x_wconf 81' lang='lat' dir='ltr'><strong>deinceps</strong></span> <span class='ocrx_word' id='word_1_164' title='bbox 709 2693 968 2778; x_wconf 85' lang='lat' dir='ltr'><strong>proportionales</strong></span> <span class='ocrx_word' id='word_1_165' title='bbox 991 2697 1078 2776; x_wconf 82' lang='lat' dir='ltr'><strong>sunt,</strong></span> 
     </span>
     <span class='ocr_line' id='line_1_24' title="bbox 64 2798 1078 2883; baseline 0.002 -22"><span class='ocrx_word' id='word_1_166' title='bbox 64 2802 98 2862; x_wconf 85' lang='lat' dir='ltr'><strong>et</strong></span> <span class='ocrx_word' id='word_1_167' title='bbox 128 2821 147 2862; x_wconf 89' lang='lat' dir='ltr'><strong>a</strong></span> <span class='ocrx_word' id='word_1_168' title='bbox 175 2799 375 2864; x_wconf 83' lang='lat' dir='ltr'><strong>seeundot</strong></span> <span class='ocrx_word' id='word_1_169' title='bbox 343 2803 375 2864; x_wconf 87' lang='lat' dir='ltr'><strong>et</strong></span> <span class='ocrx_word' id='word_1_170' title='bbox 402 2801 517 2865; x_wconf 88' lang='lat' dir='ltr'><strong>ultimo</strong></span> <span class='ocrx_word' id='word_1_171' title='bbox 546 2802 675 2864; x_wconf 88' lang='lat' dir='ltr'><strong>numeri</strong></span> <span class='ocrx_word' id='word_1_172' title='bbox 697 2801 802 2883; x_wconf 89' lang='lat' dir='ltr'><strong>primo</strong></span> <span class='ocrx_word' id='word_1_173' title='bbox 827 2798 978 2882; x_wconf 83' lang='lat' dir='ltr'><strong>aequales</strong></span> <span class='ocrx_word' id='word_1_174' title='bbox 1003 2799 1078 2863; x_wconf 89' lang='lat' dir='ltr'><strong>sub·</strong></span> 
     </span>
    </p>
   </div>
   <div class='ocr_carea' id='block_1_6' title="bbox 61 2953 1079 3165">
    <p class='ocr_par' dir='ltr' id='par_1_8' title="bbox 61 2953 1079 3165">
     <span class='ocr_line' id='line_1_25' title="bbox 137 2953 1077 3024; baseline 0.002 -17"><span class='ocrx_word' id='word_1_175' title='bbox 137 2956 162 3021; x_wconf 85' lang='lat'><strong>1)</strong></span> <span class='ocrx_word' id='word_1_176' title='bbox 181 2954 274 3024; x_wconf 89' lang='lat' dir='ltr'><strong>Propp</strong></span> <span class='ocrx_word' id='word_1_177' title='bbox 277 2960 408 3009; x_wconf 86' lang='grc'><strong>33-34</strong></span> <span class='ocrx_word' id='word_1_178' title='bbox 427 2954 510 3010; x_wconf 86' lang='lat' dir='ltr'><strong>aliter</strong></span> <span class='ocrx_word' id='word_1_179' title='bbox 529 2955 599 3010; x_wconf 81' lang='lat' dir='ltr'><strong>citat</strong></span> <span class='ocrx_word' id='word_1_180' title='bbox 617 2955 820 3010; x_wconf 86' lang='lat' dir='ltr'><strong>Iamblichus</strong></span> <span class='ocrx_word' id='word_1_181' title='bbox 812 2973 842 3008; x_wconf 91' lang='lat' dir='ltr'><strong>m</strong></span> <span class='ocrx_word' id='word_1_182' title='bbox 859 2953 967 3009; x_wconf 85' lang='lat' dir='ltr'><strong>Nieom</strong></span> <span class='ocrx_word' id='word_1_183' title='bbox 987 2973 1015 3024; x_wconf 88' lang='lat' dir='ltr'><strong>p.</strong></span> <span class='ocrx_word' id='word_1_184' title='bbox 1035 2960 1077 3011; x_wconf 75' lang='lat' dir='ltr'><strong>tr.</strong></span> 
     </span>
     <span class='ocr_line' id='line_1_26' title="bbox 61 3023 1079 3165; baseline 0.001 -87"><span class='ocrx_word' id='word_1_185' title='bbox 61 3023 98 3164; x_wconf 63' lang='lat' dir='ltr'><strong>ge</strong></span> <span class='ocrx_word' id='word_1_186' title='bbox 112 3025 264 3165; x_wconf 54' lang='lat' dir='ltr'><strong>1quefflllooo</strong></span> <span class='ocrx_word' id='word_1_187' title='bbox 287 3028 316 3080; x_wconf 85' lang='lat' dir='ltr'><strong>et</strong></span> <span class='ocrx_word' id='word_1_188' title='bbox 342 3026 376 3081; x_wconf 87' lang='lat' dir='ltr'><strong>de</strong></span> <span class='ocrx_word' id='word_1_189' title='bbox 399 3024 524 3080; x_wconf 82' lang='lat' dir='ltr'><strong>Euolidis</strong></span> <span class='ocrx_word' id='word_1_190' title='bbox 548 3025 685 3082; x_wconf 86' lang='lat' dir='ltr'><strong>diuisione</strong></span> <span class='ocrx_word' id='word_1_191' title='bbox 710 3043 890 3082; x_wconf 87' lang='lat' dir='ltr'><strong>numerorum</strong></span> <span class='ocrx_word' id='word_1_192' title='bbox 912 3044 939 3080; x_wconf 96' lang='grc' dir='ltr'><strong>ιι.</strong></span> <span class='ocrx_word' id='word_1_193' title='bbox 960 3024 1079 3080; x_wconf 84' lang='lat' dir='ltr'><strong>Studien</strong></span> 
     </span>
    </p>
   </div>
   <div class='ocr_carea' id='block_1_7' title="bbox 61 3264 1104 3602">
    <p class='ocr_par' dir='ltr' id='par_1_9' title="bbox 61 3264 1104 3602">
     <span class='ocr_line' id='line_1_27' title="bbox 61 3264 1077 3355; baseline -0.003 -30"><span class='ocrx_word' id='word_1_194' title='bbox 61 3268 209 3340; x_wconf 79' lang='grc' dir='ltr'><strong>περισσόν,</strong></span> <span class='ocrx_word' id='word_1_195' title='bbox 237 3265 270 3334; x_wconf 80' lang='grc' dir='ltr'><strong>ὃς</strong></span> <span class='ocrx_word' id='word_1_196' title='bbox 293 3267 423 3340; x_wconf 76' lang='grc' dir='ltr'><strong>μετρήσει</strong></span> <span class='ocrx_word' id='word_1_197' title='bbox 444 3268 495 3325; x_wconf 77' lang='grc' dir='ltr'><strong>τὸν</strong></span> <span class='ocrx_word' id='word_1_198' title='bbox 517 3278 540 3325; x_wconf 89' lang='lat' dir='ltr'><em>A</em></span> <span class='ocrx_word' id='word_1_199' title='bbox 562 3267 637 3326; x_wconf 74' lang='grc' dir='ltr'><strong><em>κατὰ</em></strong></span> <span class='ocrx_word' id='word_1_200' title='bbox 667 3291 765 3339; x_wconf 70' lang='lat' dir='ltr'><strong>norton</strong></span> <span class='ocrx_word' id='word_1_201' title='bbox 793 3264 919 3340; x_wconf 74' lang='grc' dir='ltr'><strong>ἀριθμόν</strong></span> <span class='ocrx_word' id='word_1_202' title='bbox 941 3270 1077 3355; x_wconf 82' lang='lat' dir='ltr'><strong>(BFVq).</strong></span> 
     </span>
     <span class='ocr_line' id='line_1_28' title="bbox 62 3334 1077 3413; baseline -0.003 -17"><span class='ocrx_word' id='word_1_203' title='bbox 62 3347 105 3396; x_wconf 83' lang='lat'><strong>15.</strong></span> <span class='ocrx_word' id='word_1_204' title='bbox 129 3339 419 3413; x_wconf 63' lang='grc' dir='ltr'>καταντήσωμενῆ,</span> <span class='ocrx_word' id='word_1_205' title='bbox 447 3361 551 3396; x_wconf 69' lang='lat' dir='ltr'><strong>aaran·</strong></span> <span class='ocrx_word' id='word_1_206' title='bbox 573 3341 603 3395; x_wconf 92' lang='lat' dir='ltr'><strong>in</strong></span> <span class='ocrx_word' id='word_1_207' title='bbox 626 3358 679 3395; x_wconf 88' lang='lat' dir='ltr'><strong>ras.</strong></span> <span class='ocrx_word' id='word_1_208' title='bbox 703 3361 740 3396; x_wconf 91' lang='lat' dir='ltr'><strong>m.</strong></span> <span class='ocrx_word' id='word_1_209' title='bbox 764 3342 836 3396; x_wconf 79' lang='lat' dir='ltr'><strong>aV.</strong></span> <span class='ocrx_word' id='word_1_210' title='bbox 928 3347 970 3394; x_wconf 84' lang='lat'><strong>16.</strong></span> <span class='ocrx_word' id='word_1_211' title='bbox 995 3334 1077 3412; x_wconf 81' lang='grc' dir='ltr'><strong>ωστε]</strong></span> 
     </span>
     <span class='ocr_line' id='line_1_29' title="bbox 61 3407 1077 3484; baseline -0.002 -17"><span class='ocrx_word' id='word_1_212' title='bbox 61 3407 218 3484; x_wconf 78' lang='grc' dir='ltr'><strong>ωσπερΡ,.</strong></span> <span class='ocrx_word' id='word_1_213' title='bbox 275 3419 316 3468; x_wconf 76' lang='grc'><strong>17.</strong></span> <span class='ocrx_word' id='word_1_214' title='bbox 336 3415 429 3468; x_wconf 75' lang='lat' dir='ltr'><strong>Auel</strong></span> <span class='ocrx_word' id='word_1_215' title='bbox 442 3413 525 3482; x_wconf 90' lang='lat' dir='ltr'><strong>BVq.</strong></span> <span class='ocrx_word' id='word_1_216' title='bbox 579 3409 759 3482; x_wconf 81' lang='grc' dir='ltr'><strong>περισσός-</strong></span> <span class='ocrx_word' id='word_1_217' title='bbox 773 3408 901 3479; x_wconf 74' lang='grc' dir='ltr'><strong>ἀρτιάκις</strong></span> <span class='ocrx_word' id='word_1_218' title='bbox 919 3429 955 3466; x_wconf 92' lang='lat' dir='ltr'><strong>m.</strong></span> <span class='ocrx_word' id='word_1_219' title='bbox 975 3427 1029 3466; x_wconf 85' lang='lat' dir='ltr'><strong>reo</strong></span> <span class='ocrx_word' id='word_1_220' title='bbox 1046 3412 1077 3466; x_wconf 87' lang='lat' dir='ltr'><strong>B.</strong></span> 
     </span>
     <span class='ocr_line' id='line_1_30' title="bbox 64 3452 1104 3602; baseline -0.007 -65"><span class='ocrx_word' id='word_1_221' title='bbox 64 3488 106 3538; x_wconf 89' lang='lat'><strong>18</strong></span> <span class='ocrx_word' id='word_1_222' title='bbox 121 3452 249 3554; x_wconf 86' lang='grc' dir='ltr'><strong><em>Α]Δφ</em></strong></span> <span class='ocrx_word' id='word_1_223' title='bbox 304 3484 420 3555; x_wconf 69' lang='lat' dir='ltr'><strong>selom.</strong></span> <span class='ocrx_word' id='word_1_224' title='bbox 436 3483 510 3555; x_wconf 56' lang='lat' dir='ltr'><strong>VP„</strong></span> <span class='ocrx_word' id='word_1_225' title='bbox 565 3489 608 3538; x_wconf 78' lang='grc'><strong>22</strong></span> <span class='ocrx_word' id='word_1_226' title='bbox 623 3483 923 3555; x_wconf 59' lang='lat' dir='ltr'><strong>relrooqtnoffi</strong></span> <span class='ocrx_word' id='word_1_227' title='bbox 912 3480 1104 3602; x_wconf 46' lang='grc' dir='ltr'><strong>,Μὴ</strong></span> 
     </span>
    </p>
   </div>
   <div class='ocr_carea' id='block_1_8' title="bbox 0 0 1183 3818">
    <p class='ocr_par' dir='ltr' id='par_1_10' title="bbox 0 0 1183 3818">
     <span class='ocr_line' id='line_1_31' title="bbox 0 0 1183 3818; baseline 0 0"><span class='ocrx_word' id='word_1_228' title='bbox 0 0 1183 3818; x_wconf 95' lang='lat' dir='ltr'><strong> </strong></span> 
     </span>
    </p>
   </div>
  </div>
 </body>
</html>
