2348 3818
98 156 165 221 432
508 156 697 209 APPENDIX.
797 214 800 221 .

164 296 253 365 Ἐπεὶ
276 295 340 382 γάρ
365 297 455 364 ἐστιν
479 293 523 375 ως
547 323 565 363 ο
590 303 622 362 A
644 293 728 383 πρὸς
749 293 811 361 τὸν
835 300 879 378 Β,
909 290 1018 373 οὕτως
1047 294 1065 360 6
1090 301 1119 360 E

101 401 185 489 πρὸς
215 401 276 470 τὸν
305 409 347 488 Ζ,
380 402 399 470 6
432 400 499 487 άρα
530 403 566 469 ἐκ
592 404 662 468 τάν
690 407 785 485 Α,Ζ
815 407 887 479 ίσος
916 398 986 465 ἐστὶ
1013 402 1060 490 τῷ
1085 401 1118 466 ἐκ

101 513 171 577 των
198 515 242 593 Β,
266 515 304 576 Ε.
353 507 455 575 πάλιν
484 509 558 575 ἐπεί
582 509 671 574 ἐστιν
700 503 745 585 ὡς
777 506 796 573 6
824 513 853 573 Β
881 502 966 593 πρὸς
992 503 1056 572 τὸν
1081 510 1117 589 Γ,

104 613 210 694 οὕτως
237 611 255 681 6
285 622 318 681 A
345 612 428 703 πρὸς
454 612 515 680 τὸν
542 619 587 698 Ε,
616 612 634 680 6
664 610 730 700 άρα
758 614 794 680 ἐκ
820 615 889 678 τῶν
913 618 962 695 A,
987 615 1022 676 Γ
1049 618 1118 689 ίσος

69 720 173 788 ιέστὶ
199 723 245 809 τῷ
274 721 310 787 ἐκ
337 723 404 786 τῶν
428 726 471 803 Β,
495 726 532 786 Ε.
579 720 714 804 ἐδείχθη
744 717 783 786 δὲ
805 717 860 784 καὶ
884 714 902 784 6
927 719 963 793 ἐιι
986 720 1055 784 τῶν
1077 723 1118 799 A,

105 833 133 892 Ζ
161 834 232 904 ἴσος
259 828 304 916 τῷ
332 825 368 891 ἐκ
393 828 462 891 τῶν
489 832 535 910 Β,
554 831 592 891 Ε.
637 823 693 890 καὶ
722 823 739 891 6
768 825 804 891 ἐκ
830 825 899 891 τάν
927 831 975 906 Α,
1000 829 1029 888 Ζ
1056 820 1119 908 άρα

105 938 178 1011 ίσος
201 931 269 999 ἐστὶ
290 935 337 1022 τῷ
362 932 488 997 ἐκτῶν
513 938 563 1016 A,
588 936 623 998 Γ.
669 935 761 997 ἐστιν
785 928 851 1015 άρα
875 927 919 1007 ὥς
943 927 961 994 6
985 936 1019 995 A
1037 925 1119 1014 πρὸς

104 1034 165 1104 τὸν
189 1042 231 1121 Γ,
257 1033 362 1116 οὕτως
385 1036 403 1103 6
428 1044 463 1103 A
484 1034 568 1121 πρὸς
590 1035 651 1104 τὸν
675 1043 715 1103 Ζ·
740 1035 820 1121 ὅπερ
844 1038 912 1102 ἔδει
936 1034 1051 1114 δείξαι.

536 1214 613 1293 VII,
637 1216 689 1280 31.

55 1375 88 1422 10
530 1350 684 1432 Ἄλλως.

165 1475 272 1542 Ἔστω
306 1473 470 1554 σύνθετος
507 1475 654 1562 ἀριθμὸς
687 1476 704 1544 6
738 1483 778 1544 A.
832 1475 933 1562 λέγω,
971 1473 1024 1542 ὅτι
1056 1473 1119 1542 ὑπὸ

107 1580 242 1667 τιράτον
265 1579 357 1661 τινὸς
380 1579 530 1668 ἀριθμοῦ
553 1595 727 1667 μετρεῖται.
772 1582 841 1649 ἐπεὶ
864 1579 929 1668 γάρ
954 1580 1120 1658 σύνθετός

108 1689 198 1754 ἐστιν
232 1687 250 1754 6
283 1696 330 1771 A,
367 1684 610 1773 μετρηθήσεται
641 1686 707 1754 ὑπὸ
740 1684 905 1775 άρνθμοῦ,
942 1686 1000 1753 καὶ
1037 1691 1118 1753 ἔστω

109 1792 279 1879 ἐλάχιστος
306 1797 374 1859 τῶν
402 1791 614 1879 μετρούντων
643 1789 747 1860 αὐτὸν
771 1792 789 1859 6
814 1800 849 1860 Β.
896 1793 998 1877 λέγω,
1028 1789 1119 1859 ὅτιὸ

57 1922 89 1971 15
109 1907 137 1965 Β
161 1899 292 1986 πρῶτός
316 1901 413 1966 ἐστιν.
460 1903 490 1965 εί
512 1899 575 1984 γάρ
599 1898 659 1984 μή,
683 1897 848 1976 σύνθετός
871 1901 970 1965 ἐστιν.
1008 1924 1121 1984 μετρη-

108 2003 250 2089 θήσεται
274 2001 340 2089 άρα
364 2000 430 2070 ὑπὸ
455 2000 606 2088 άριθμοῦ
629 2028 728 2081 τινος.
766 2009 951 2089 μετρείσθω
974 2003 1042 2071 ὑπὸ
1063 2007 1120 2070 τοῦ

58 2147 60 2151 v
110 2114 144 2175 Γ.
191 2108 209 2173 6
243 2113 275 2174 Γ
303 2109 369 2195 άρα
395 2112 456 2175 τοῦ
484 2115 512 2175 Β
541 2108 692 2176 ἐλάσσων
721 2111 819 2177 ἐστίν.
864 2109 920 2175 καί
949 2108 1019 2176 ἐπεὶ
1048 2109 1065 2176 6
1096 2114 1126 2175 Γ

109 2210 168 2280 τὸν
193 2221 221 2279 Β
245 2227 369 2300 μετρεῖ,
394 2211 467 2281 ἀλλ’
499 2215 517 2283 6
542 2223 570 2281 Β
593 2214 653 2282 τὸν
677 2224 709 2280 A
731 2228 857 2302 μετρεῖ,
884 2214 983 2282 καὶὸ
1009 2222 1042 2283 Γ
1059 2214 1122 2302 άρα

109 2319 169 2386 τὸν
193 2329 225 2385 A
243 2333 356 2405 μετρεῖ
377 2319 528 2387 ἐλάσσων
553 2316 601 2387 ὢν
625 2324 685 2387 τοῦ
709 2327 750 2386 Β·
775 2317 855 2406 ὅπερ
879 2320 1015 2389 άτοιτον.
1063 2320 1123 2388 οὐκ

56 2451 90 2498 20
110 2423 174 2511 άρα
195 2424 212 2492 6
233 2431 261 2491 Β
280 2422 442 2503 σύνθετός
457 2427 534 2493 ἐστι.
570 2429 701 2513 πρῶτος
715 2424 793 2511 άρα·
817 2425 898 2512 ὅπερ
919 2431 987 2494 ἔδει
1011 2429 1123 2507 δεῖξαι.

347 2553 358 2564 ’
412 2603 578 2668 scholium
602 2605 643 2668 ad
667 2603 744 2687 vn,
768 2604 819 2668 39.

179 2728 247 2790 Τοῦ
266 2723 335 2791 λθ’.
380 2729 514 2791 πολλῶν
533 2721 692 2812 άριθμιῖν
715 2723 898 2792 ὅντων-καλ
918 2724 1066 2811 ἐχόντων
1084 2729 1123 2793 τά

181 2906 206 2955 2.
226 2901 263 2969 τῷ
285 2895 335 2986 ἔτι]
353 2900 391 2970 τῷ
411 2896 467 2953 ὑπό
486 2901 548 2955 FV.
626 2909 651 2956 3.
671 2897 723 2972 ὡς]
744 2918 797 2956 om.
816 2920 844 2971 p.
926 2908 952 2955 4.
972 2908 1011 2968 A,
1032 2903 1073 2974 Γ]
1096 2906 1124 2968 Γ,

111 2976 136 3024 A
155 2970 185 3026 B.
278 2975 302 3023 5.
323 2991 337 3023 o
360 2967 408 3040 ἐκ]
428 2967 443 3023 ὁ
464 2989 491 3038 p.
582 2979 606 3026 6.
625 2972 691 3043 καί]
711 2989 764 3026 om.
784 2991 811 3042 p.
898 2969 932 3044 ὁ]
953 2968 968 3026 6
989 2972 1047 3042 ἄρα
1065 2973 1124 3027 FV.

110 3038 182 3110 ἄρα]
204 3057 257 3095 om.
276 3040 337 3094 FV.
411 3047 436 3095 9.
455 3042 568 3111 Bme.
588 3045 653 3097 ante
672 3059 751 3112 prop,
770 3050 818 3108 313
838 3043 900 3098 add.
919 3038 1027 3100 Theon.
1085 3050 1125 3097 10.

111 3107 216 3181 άλλως]
245 3129 299 3166 om.
354 3154 360 3178 ,
388 3107 476 3174 άλλως
502 3109 534 3166 τὸ
563 3116 595 3186 λβ
622 3113 653 3166 τὸ
683 3110 748 3182 ἑξῆς
774 3114 797 3166 Β
819 3131 874 3182 mg.
900 3132 937 3168 m.
967 3119 992 3168 1.
1085 3120 1126 3168 11.

112 3179 181 3235 ἔστω
196 3213 229 3221 -
246 3189 293 3236 13:
318 3129 394 3238 ἐάων
414 3179 429 3235 6
448 3182 487 3253 A]
513 3200 566 3238 om.
585 3200 612 3251 p.
687 3190 729 3237 1³.
752 3183 818 3254 καί]
842 3202 931 3245 τινος’
959 3187 1126 3253 μετρείσθω,

112 3254 164 3304 ιιαί
188 3253 218 3307 Β.
258 3251 326 3306 ίστω
355 3248 370 3305 6
399 3270 425 3321 p.
505 3259 545 3308 15.
572 3251 711 3315 σύνθετός
734 3249 827 3324 ἐστιν]
857 3251 931 3308 ἐστιν
960 3251 975 3307 6
1005 3259 1027 3308 Β
1056 3256 1126 3324 πρά-

111 3341 158 3384 τος
180 3323 247 3390 Βφ,
271 3325 297 3376 V
320 3323 350 3376 in
371 3339 426 3376 ras.
508 3331 550 3380 16.
575 3320 648 3395 άρα]
673 3342 726 3379 om.
751 3326 781 3380 B.
864 3322 920 3378 ὑπὸ
948 3325 1001 3378 τοῦ
1031 3327 1071 3398 Γ]
1100 3327 1128 3380 in

106 3409 161 3448 ras.
188 3394 220 3461 V,
245 3410 302 3464 seq.
326 3411 380 3449 rae.
408 3411 518 3464 magna.
610 3402 651 3450 17.
681 3392 772 3465 ἐστίν]
800 3391 860 3449 ἐστί
885 3396 950 3463 Vm,
980 3413 1072 3466 comp.
1101 3415 1127 3465 p.

100 3473 144 3522 18,
165 3461 240 3524 άλλά
261 3469 323 3540 Vq).
418 3471 464 3523 λὺ.
483 3462 555 3538 ’ὅπερ
575 3463 637 3520 ἐδει
655 3465 768 3534 621qu
785 3482 841 3520 (m.
858 3465 917 3533 BQ.
993 3473 1036 3523 21.
1062 3467 1128 3522 Post
