2348 3818
348 139 624 191 ELEMENTORUM
640 140 750 192 LIBER
768 141 800 193 V.
1058 139 1100 205 67

80 282 365 347 F2E=osz
391 304 491 368 quare
510 282 1100 370 etiamdtKquM[prop.Xl],

82 389 120 452 ot
135 375 359 469 'permutando
384 391 487 473 [prop.
510 387 604 470 XVI]
626 393 657 455 Θ
671 412 679 453 :
694 393 725 453 A
740 420 782 442 ==
798 394 852 456 K:
867 395 915 458 Μ.
962 391 1019 456 sed
1047 391 1099 456 de·

83 496 302 559 monstratam
325 497 384 579 est,
406 517 478 561 esse
501 495 599 560 etiam
613 499 653 559 H
663 519 671 560 ε
686 500 715 560 Θ
729 526 771 550 ==
789 500 850 560 M:
864 500 908 561 N.
940 497 1006 562 iam
1020 519 1099 582 quo-

79 598 173 664 niam
196 599 293 665 datae
315 605 391 666 suut
412 604 481 666 tres
503 601 745 686 magnitudines
768 606 817 685 H,
839 606 882 685 Θ,
905 605 993 668 Aet
1016 604 1099 669 aliae

80 705 122 770 iis
147 726 281 770 numero
304 707 456 792 aequales
474 710 516 792 K,
535 711 582 791 M,
601 711 645 792 N,
668 708 764 772 binae
789 708 886 773 simul
906 709 1097 775 coniunctae

80 811 118 876 in
148 812 259 877 eadem
287 812 511 897 proportione,
538 816 572 876 ot
597 814 790 897 perturbata
816 818 868 879 est
891 836 1002 881 aarum
1025 837 1097 899 pro-

80 918 192 1004 portio
226 917 301 1000 [def.
331 919 401 1000 18],
433 940 472 983 ex
506 920 683 1005 aequopsi
714 924 751 984 Η
781 920 1040 1005 magnitudinem
1067 926 1098 986 A

81 1026 230 1109 superat,
253 1025 353 1090 etiam
376 1027 411 1088 K
431 1024 689 1110 magnitudinem
712 1030 751 1090 N
771 1029 916 1110 superat,
940 1028 973 1090 et
995 1026 1023 1090 si
1047 1048 1097 1090 ae-

82 1130 203 1216 qualis,
227 1131 370 1216 aequalis
393 1135 457 1215 est,
485 1135 518 1196 et
540 1131 569 1196 si
592 1132 710 1216 minor,
738 1133 845 1197 minor
869 1134 973 1216 [prop.
996 1131 1098 1214 XXI].

81 1242 116 1303 at
143 1240 187 1321 H,
211 1239 246 1300 K
265 1237 524 1322 magnitudinum
546 1244 588 1321 A,
612 1242 646 1302 A
669 1259 769 1322 aeque
793 1238 989 1323 multiplices
1013 1243 1099 1324 sunt,

81 1347 124 1427 A,
139 1346 178 1408 N
197 1348 307 1408 autem
329 1344 589 1430 magnitudinum
612 1347 699 1429 Γ,Ζ.
732 1344 843 1430 itaque
857 1348 1098 1410 A2F==A:Z

82 1449 160 1532 [del.
183 1449 229 1530 5].

149 1554 240 1641 Ergo
268 1555 297 1620 si
320 1555 416 1620 datae
440 1558 516 1620 sunt
538 1561 604 1621 tres
628 1556 869 1640 magnitudines
889 1560 926 1621 et
948 1557 1032 1622 aliae
1056 1559 1096 1622 iis

78 1683 217 1728 numero
247 1662 414 1747 aequales,
446 1662 544 1726 binae
576 1661 673 1725 simul
701 1663 893 1728 coniunctae
921 1662 956 1725 in
985 1663 1096 1727 eadem

78 1768 303 1854 propoitione,
327 1770 359 1833 et
382 1768 574 1852 pertmbata
595 1769 647 1832 est
670 1788 780 1832 earum
797 1766 975 1852 proportio,
999 1768 1097 1832 etiam

79 1897 122 1940 ex
151 1896 253 1960 aequo
274 1874 314 1938 in
336 1874 450 1940 eadem
472 1873 684 1960 proportione
707 1875 816 1957 erunt3
845 1872 930 1957 quod
953 1876 1023 1937 erat
1045 1873 1097 1937 de·

78 1980 340 2047 monstrandum.

527 2120 646 2187 XXIV.

154 2261 189 2328 Si
224 2264 331 2347 prima
364 2263 405 2328 ad
441 2263 613 2328 seeundum
641 2262 777 2328 eandem
809 2262 968 2327 rationem
998 2261 1097 2327 habet

80 2392 121 2435 aa
149 2369 248 2435 tertia
275 2370 316 2435 ad
338 2372 502 2456 quartam,
529 2373 562 2434 et
587 2370 686 2434 etiam
716 2368 830 2453 quinta
860 2368 900 2433 ad
924 2369 1096 2433 secundam

80 2476 219 2541 eandem
246 2475 405 2541 rationem
433 2475 533 2540 habet
560 2497 597 2540 ao
626 2478 716 2540 sexta
743 2473 784 2537 ad
811 2478 974 2558 quartam,
998 2475 1096 2540 etiam

77 2581 280 2666 compositae
315 2581 423 2666 prima
459 2586 493 2647 et
527 2580 641 2666 quinta
670 2581 715 2645 ad
751 2579 925 2646 secundam
958 2579 1093 2644 eandem

76 2688 244 2754 rationem
270 2686 440 2753 habebunt
463 2687 621 2756 solertia
644 2690 798 2770 sextaque
823 2686 863 2750 ad
888 2688 1045 2769 quartam.

77 2946 173 3013 ἰσάκις
195 2946 389 3005 πολλαπλάσια
411 2949 475 3005 add.
498 2949 553 3019 Bp.
637 2955 678 3004 12.
703 2949 743 3020 Γ]
769 2966 837 3005 corr.
862 2965 895 3002 ex
918 2952 940 3002 Β
963 2967 999 3003 m.
1024 2954 1040 3001 2
1064 2947 1095 3002 P.

117 3027 160 3076 14.
180 3021 229 3075 καὶ
248 3015 278 3074 ἒν
292 3021 327 3087 Ρ;
346 3021 398 3074 καί
408 3021 472 3076 add.
487 3020 517 3074 in
532 3039 589 3090 mg.
603 3039 638 3075 m.
654 3027 670 3075 2
686 3019 717 3087 F,
732 3019 782 3073 sed
796 3035 874 3074 euan.
941 3025 982 3074 16.
1003 3016 1093 3088 ἔσται]

77 3110 135 3148 om.
159 3092 189 3146 P.
266 3097 306 3146 18.
327 3089 392 3162 ἔχῃ]
414 3089 472 3161 ἔχει
490 3091 519 3144 P.
