2348 3818
105 135 170 202 330
484 126 743 201 Σνοιειιιααηπ

105 281 258 347 ἐπίπεὸοἰ
284 280 378 345 εἰσιν.
426 280 576 344 ἔστωσαν
605 265 752 343 οὖντοῦ
783 273 846 361 μὲν
868 281 900 346 Ε
920 275 1068 365 πλευραὶ
1089 275 1120 342 οἰ

104 392 144 470 Θ,
164 392 207 469 Κ,
227 386 290 452 τοῦ
312 382 350 450 δὲ
367 390 407 449 Η
426 385 461 449 οἰ
482 389 524 464 A,
543 388 589 450 Μ.
631 379 782 469 φανερὸν
805 379 871 469 άρα
894 381 988 450 ἐστὶν
1009 383 1048 449 ἐκ
1064 384 1120 449 τοῦ

104 489 170 577 πρὸ
199 489 338 576 τούτου,
368 487 421 558 ὅτι
448 491 483 555 οἰ
506 496 546 573 Ε,
567 495 605 573 Ζ,
623 494 662 555 Η
682 488 756 573 ἑξῆς
778 491 864 555 εἰσιν
888 485 1065 574 ἀνάλογον
1087 492 1120 554 ἔν

288 656 486 704 Αι--ι
721 650 815 702 Ει--
828 665 832 701 ι

289 760 320 810 Βι
694 772 699 810 ι
750 758 894 809 ι--ιΖ
955 784 961 793 ·

291 867 322 917 Γι
564 880 568 915 ι
719 866 920 916 Ηι---ι

290 976 621 1024 Δι--ψι
719 971 796 1024 &Al—1

320 1079 527 1131 ι--ιΝ
715 1080 817 1131 Κι--ι

321 1201 324 1238 1
564 1185 602 1242 ιΞ
711 1189 855 1238 Λι--ι

700 1295 880 1345 Μι--ι

105 1438 141 1480 τε
169 1416 214 1505 τῷ
242 1417 303 1481 τοῦ
331 1421 359 1480 Ε
387 1413 471 1500 πρὸς
492 1413 553 1482 τὸν
577 1423 608 1482 Λ
631 1412 720 1508 λόγῳ
743 1417 805 1483 καὶ,
821 1420 867 1508 τῷ
890 1417 952 1483 τοῦ
977 1420 1014 1480 Κ
1042 1411 1120 1501 πρὸς

73 1519 168 1592 στὸν
192 1527 240 1589 Μ.
285 1520 341 1586 καί
365 1521 435 1589 ἐπεὶ
458 1524 493 1589 οἰ
515 1529 554 1606 Ε,
575 1530 613 1606 Ζ,
632 1529 671 1590 H
691 1522 857 1609 ἐλάχιστοί
877 1525 941 1588 εἰσι
969 1523 1042 1588 τῶν
1065 1517 1119 1587 τὸν

108 1623 213 1695 αὐτὸν
242 1626 345 1713 λόγον
374 1628 519 1716 ἐχόντων
546 1642 617 1708 τοῖς
639 1637 687 1715 A,
707 1634 749 1714 Γ,
770 1636 817 1715 Δ,
845 1631 903 1693 καί
928 1628 1022 1694 ἐστιν
1049 1634 1118 1693 ἰσον

106 1730 144 1801 τὸ
169 1738 301 1820 πλῆθος
323 1738 391 1803 τῶν
417 1743 457 1820 Ε,
477 1743 515 1820 Ζ,
534 1741 573 1802 Η
586 1740 632 1828 τῷ
652 1734 774 1822 πλήθει
792 1739 860 1801 τῶν
883 1741 925 1818 Α,
943 1737 983 1818 Γ,
1004 1741 1052 1818 Δ,
1076 1728 1116 1800 δι’

110 1846 187 1906 ἰσον
210 1840 277 1928 άρα
301 1841 390 1907 ἐστὶν
415 1837 459 1918 ὡς
483 1838 500 1906 5
525 1848 557 1907 Ε
573 1841 658 1929 πρὸς
674 1840 735 1908 τίῑν
754 1848 799 1926 Η,
824 1837 930 1918 οὕτως
949 1834 967 1906 5
988 1846 1023 1905 A
1042 1836 1119 1925 πρὸς

109 1943 170 2012 τὸν
195 1953 236 2012 A.
283 1948 318 2012 οἰ
340 1944 377 2013 δὲ
400 1952 443 2029 Ε,
463 1953 502 2012 Η
519 1950 660 2034 πρῶτοι,
689 1948 725 2014 οἰ
746 1946 783 2014 δὲ
806 1948 930 2035 πρῶτοι
961 1945 1019 2012 καί
1050 1943 1118 2014 ἐλά-

60 2075 93 2122 10
112 2070 234 2136 χιστοι,
258 2052 293 2118 οἰ
315 2050 353 2118 δὲ
376 2049 542 2137 ἐλάχιστοι
565 2055 723 2139 μετροῦσι
745 2051 825 2131 τοὺς
847 2050 906 2118 ’τὸν
930 2049 1040 2119 αὐτὸν
1068 2048 1118 2117 λό-

109 2183 172 2241 γον
196 2161 332 2244 ἔχοντας
362 2155 477 2236 αὐτοῖς
504 2158 614 2238 ἰσάκις
646 2157 665 2226 ὅ
693 2185 727 2226 τε
751 2164 870 2245 μείζων
893 2157 954 2226 τὸν
986 2163 1118 2244 μείζονα

108 2263 164 2330 καὶ
193 2261 210 2330 5
241 2262 391 2330 ἐλάσσων
418 2261 478 2332 τὸν
507 2263 690 2351 ἐλάσσονα,
717 2266 889 2333 τουτέστιν
912 2262 932 2332 5'
955 2290 992 2331 τε
1020 2260 1117 2350 ἡγού-

110 2394 209 2454 μενος
236 2367 296 2435 τὸν
324 2366 515 2457 ἡγούμενον
541 2372 597 2438 καὶ
626 2367 643 2438 5
669 2369 830 2456 ἑπόμενος
856 2370 917 2438 τὸν
941 2368 1118 2456 ἑπόμενον·

110 2473 219 2553 ἰσάκις
241 2472 307 2562 άρα
331 2475 349 2542 5
374 2483 405 2541 E
425 2475 486 2544 τὸν
510 2486 542 2543 Α
564 2490 677 2564 μετρεῖ
700 2477 756 2544 καὶ
780 2477 797 2543 5
822 2482 861 2543 Η
878 2474 937 2544 τὸν
963 2483 1005 2544 Δ.
1045 2473 1116 2544 ὁσά·

58 2605 91 2653 15
109 2606 161 2661 κις
184 2579 226 2667 δὴ
252 2578 269 2649 5
293 2588 325 2647 Ε
346 2580 405 2649 τὸν
429 2588 461 2648 A
485 2596 605 2669 μετρεῖ,
629 2586 788 2649 τοσαῦται
809 2580 953 2668 μονάδες
973 2586 1118 2649 ἔστωσαν

109 2690 146 2756 ἐν
169 2692 214 2780 τῷ
243 2695 287 2756 Ν.
333 2687 351 2755 5
382 2695 418 2754 Ν
444 2686 509 2774 άρα
538 2686 599 2755 τὸν
626 2695 658 2754 Ε
685 2687 978 2767 πολλαπλασιάσας
1006 2685 1120 2755 τὸνΑ

110 2800 299 2879 πεποίηκεν.
346 2821 364 2861 ο
390 2793 427 2861 δὲ
452 2801 483 2860 Ε
505 2795 594 2861 ἐστιν
619 2791 637 2861 5
663 2796 698 2861 ἐκ
720 2798 788 2861 τῶν
811 2801 852 2880 Θ,
871 2800 916 2860 Κ·
945 2789 964 2861 5
996 2801 1036 2860 Ν
1060 2793 1120 2879 άρα

110 2898 171 2966 τὸν
199 2901 235 2965 ἑκ
264 2903 333 2966 τῶν
361 2906 404 2980 Θ,
423 2906 458 2966 Κ
478 2899 774 2977 πολλαπλασιάσας
795 2898 855 2967 τὸν
879 2906 911 2966 Α
934 2905 1120 2986 πεποίηκεν.

111 3003 243 3090 στερεὸς
271 3003 336 3093 άρα
365 3007 456 3072 ἐστὶν
484 3005 501 3073 5
526 3016 573 3091 A,
603 3007 743 3095 πλευραὶ
772 3005 810 3073 δὲ
840 3003 944 3073 αὐτοῦ
974 3011 1063 3074 εἰσιν
1091 3005 1122 3074 οἰ

56 3133 91 3182 νο
111 3118 149 3195 Θ,
169 3117 213 3197 Κ,
233 3117 275 3178 Ν.
322 3111 433 3197 πάλιν,
459 3113 527 3179 ἐπεὶ
552 3115 586 3179 οἰ
608 3120 648 3198 Ε,
669 3121 707 3198 Ζ,
726 3120 765 3180 Η
785 3111 955 3198 ἐλάχιστοί
970 3116 1037 3180 εἰσι
1057 3115 1119 3181 τάν

109 3216 170 3285 τὸν
194 3214 299 3285 αὐτὸν
328 3217 430 3303 λόγον
460 3218 606 3304 ἐχόντων
628 3232 699 3298 τοῖς
723 3224 765 3304 Γ,
786 3225 833 3303 Δ,
853 3226 896 3301 Β,
925 3216 1035 3298 ἰσάκις
1058 3219 1119 3303 άρα

109 3322 127 3392 5
155 3331 186 3390 Ε
207 3321 267 3390 τὸν
292 3329 324 3390 Γ
348 3337 460 3413 μετρεῖ
489 3325 545 3392 καί
574 3325 591 3392 5
617 3333 656 3393 H
675 3324 735 3392 τὸν
760 3333 797 3391 Β.
844 3321 959 3402 ὁσάκις
983 3323 1026 3411 δὴ
1052 3322 1070 3392 5
1093 3328 1120 3390 Ε

181 3473 203 3522 2.
225 3466 275 3521 τοῦ
294 3461 364 3538 πρό]
385 3483 439 3522 om.
458 3466 548 3535 Bvq2.
640 3474 665 3523 3.
685 3461 828 3536 ἀνάλογόν
852 3463 923 3519 εἰσιν
941 3465 1005 3534 th.
1095 3467 1116 3517 4.
