2348 3818
94 161 160 228 346
213 185 217 191 -
468 159 670 212 Στοαπιαα
687 106 748 211 οῖ’

93 301 368 380 λαπλασιάσας
404 303 496 387 ποιῇ
533 324 637 385 τινα,
679 296 697 367 5
734 297 953 385 γενόμενος
990 297 1112 383 κύβος

95 415 214 478 ἔσται

161 515 277 599 Κύβος
308 511 372 602 γὰρ
405 510 552 598 άμιθμος
585 509 660 580 5A
685 509 792 596 κύβον
820 507 969 598 ἀριθμὸν
998 508 1112 578 τὸνΒ

94 622 388 700 πολλαπλασιάσας
410 618 471 687 τὸν
493 626 525 687 Γ
543 623 690 687 ποιείτω·
722 617 819 703 λέγω,
843 615 894 684 ὅτι
919 614 937 684 5
958 621 993 682 Γ
1009 618 1113 702 κύβος

60 729 194 795 ὕίστίν.

157 831 193 899 Ὁ
220 830 284 920 γὰρ
308 841 339 899 Α
363 831 484 900 ἑαυτὸν
507 831 800 909 πολλαπλασιάσας
821 829 883 898 τὸν
907 836 940 897 A
964 835 1113 898 ποιείτω·

96 937 115 1009 5
145 948 179 1006 A
210 937 276 1027 ἄρα
309 939 413 1023 κύβος
445 940 544 1006 ἐστίν.
589 937 645 1004 καὶ
677 936 747 1004 ἐπεὶ
779 933 797 1003 5
832 945 864 1004 A
896 933 1020 1003 ἑαυτὸν
1053 935 1114 1022 μὲν

95 1045 389 1124 πολλαπλασιάσας
418 1042 479 1112 τὸν
502 1053 536 1110 A
563 1049 756 1130 πεποίηκεν,
783 1040 844 1111 τὸν
872 1041 910 1110 δὲ
936 1049 962 1108 Β
991 1049 1114 1110 πολλα-

95 1153 281 1231 πλασιάσας
307 1154 368 1219 τὸν
389 1155 422 1218 Γ
440 1153 634 1234 πεποίηκεν,
663 1153 754 1217 ἔστιν
777 1146 842 1237 ἅμα
865 1145 909 1228 ὡς
932 1145 951 1216 5
974 1157 1008 1215 A
1031 1151 1115 1236 πρὸς

45 1277 78 1327 10
96 1261 156 1327 τὸν
180 1266 224 1344 Β,
252 1255 359 1336 οὕτως
389 1255 407 1323 5
436 1263 470 1322 A
499 1257 582 1343 πρὸς
609 1258 668 1323 τὸν
691 1261 728 1324 Γ.
773 1256 829 1322 καί
857 1255 927 1322 ἐπεὶ
955 1257 991 1322 οί
1011 1261 1113 1340 Α,Β

95 1364 195 1451 κύβοι
217 1367 318 1449 είσίν,
341 1361 453 1449 ὅμοιοι
478 1367 609 1450 στερεοί
629 1366 715 1430 είσιν
740 1365 775 1430 oc
794 1371 838 1448 A,
858 1369 895 1431 Β.
931 1364 1000 1429 τῶν
1022 1370 1067 1446 A,
1086 1369 1113 1430 Β

96 1468 161 1558 άρα
189 1469 253 1536 δύο
282 1470 378 1557 μέσοι
401 1465 572 1555 ἀνάλογον
595 1471 812 1556 ἐμπίπτουσιν
836 1465 991 1553 ἀριθμοί·
1030 1465 1115 1535 ὥστε

95 1575 151 1642 καί
173 1578 242 1644 των
261 1573 440 1661 Δ,Γὸύο
463 1577 559 1662 μέσοι
582 1572 752 1659 ἀνάλογον
776 1577 999 1660 ἐμπεσοῦνται
1016 1571 1114 1658 5905-

96 1687 161 1769 μοί.
206 1687 265 1749 καί
286 1685 355 1750 ἐστι
377 1680 480 1766 κύβος
502 1678 520 1749 5
546 1689 591 1746 A·
623 1679 726 1765 κύβος
748 1677 813 1767 άμα
836 1680 892 1746 καὶ
914 1675 932 1746 5
957 1685 998 1745 Γ·
1033 1677 1115 1765 ὅπερ

46 1805 80 1855 15
100 1793 167 1855 ἔδει
191 1791 303 1870 δεῖξαι.

581 1891 619 1958 ε’.

161 2000 248 2067 Ἐὰν
284 2000 406 2085 κύβος
442 1995 614 2085 ἀριθμὸς
646 1978 820 2082 άριύμύν
851 2023 939 2064 τινα
972 2006 1115 2066 πολλα·

97 2105 319 2184 πλασιάσας
345 2107 469 2189 κύβον
506 2108 616 2191 ποιῇ,
648 2103 712 2170 καί
744 2099 763 2170 5
796 2109 1115 2172 πολλαπλασιασ·

97 2210 185 2289 θείς
208 2209 327 2295 κύβος
350 2215 469 2276 ἔσται.

46 2336 80 2385 20
166 2317 282 2401 Κύβος
318 2318 381 2404 γὰρ
414 2313 558 2403 άριθμος
591 2312 609 2381 ὁ
641 2324 673 2382 A
706 2313 853 2402 ἀριθμόν
884 2343 960 2383 τινα
990 2319 1054 2406 μὸν
1087 2323 1114 2382 Β

97 2420 388 2501 πολλαπλασιάσας
410 2421 516 2506 κύβον
538 2423 598 2488 τὸν
622 2427 654 2488 Γ
672 2428 819 2489 ποιείτω·
851 2422 948 2507 λέγω,
972 2419 1024 2488 ὅτι
1049 2420 1068 2489 5
1088 2430 1115 2489 B

97 2531 200 2614 κύβος
223 2531 322 2598 ἐστίν.

68 2669 78 2686 .
160 2634 194 2703 ‘0
222 2639 287 2725 γὰρ
315 2645 343 2702 Α
366 2636 487 2703 ἑαυτὸν
510 2633 802 2712 πολλαπλασιάσας
823 2635 883 2700 τὸν
908 2642 942 2699 A
965 2639 1115 2700 ποιείτω·

99 2743 202 2827 κύβος
225 2740 290 2829 άρα
313 2742 404 2807 ἐστίν
423 2736 498 2807 5A.
529 2739 585 2805 καὶ
605 2739 674 2806 ἐπεὶ
693 2737 758 2808 ὁΑ
777 2739 898 2806 ἑαυτὸν
917 2737 979 2825 μὲν
994 2746 1116 2807 πολλα-

48 2870 81 2920 25
100 2849 285 2925 πλασιάσας
312 2849 372 2913 τὸν
397 2853 430 2911 A
452 2850 645 2930 πεποίηκεν,
675 2847 735 2912 τὸν
759 2843 797 2911 55
820 2852 848 2911 B
870 2848 1118 2913 πολλαπλασιά-

99 2974 159 3032 σας
181 2956 241 3020 τὸν
261 2957 294 3017 Γ
312 2956 502 3037 πεποίηκεν,
525 2956 615 3018 ἔστιν
639 2949 704 3038 ἅμα
728 2948 774 3029 ὡς
797 2951 815 3018 5
835 2961 867 3018 A
889 2954 973 3038 πρὸς
996 2953 1057 3019 τὸν
1078 2959 1117 3037 Β,

99 3058 117 3127 5
146 3067 179 3125 A
210 3059 295 3147 πρὸς
325 3059 387 3124 τὸν
414 3063 450 3126 Γ.
497 3057 552 3122 καί
585 3057 654 3124 ἐπεὶ
688 3060 722 3124 οί
748 3066 796 3142 A,
825 3064 857 3124 Γ
884 3058 984 3142 κύβοι
1016 3062 1116 3144 είσίν,

100 3164 210 3252 ὅμοιοι
233 3170 364 3250 στερεοί
385 3168 478 3231 εἰσιν.
524 3168 591 3230 τῶν
616 3172 665 3250 A,
689 3171 721 3231 Γ
740 3162 805 3251 άμα
830 3164 892 3231 δύο
914 3166 1012 3251 μέσοι
1035 3163 1118 3234 άνά-

172 3336 554 3412 6.γάρΑ]ΑμάρΒλῙφ.
621 3347 691 3396 [Δ
729 3341 1019 3409 αοο.τωε.11ἱλλ,φ.
1060 3338 1121 3397 ἔστί

99 3415 161 3483 Vm.
235 3420 259 3468 8.
283 3415 421 3480 πεποίηκε
444 3412 505 3479 Vm.
580 3416 620 3465 10.
644 3407 694 3466 τόν
733 3411 778 3466 bis
802 3429 855 3466 om.
880 3412 911 3465 B.
987 3419 1029 3468 11.
1058 3413 1115 3468 εἶσι

100 3483 158 3554 Vq).
235 3481 265 3540 ot
285 3489 321 3556 A,
346 3483 384 3556 Β]
414 3499 468 3537 om.
492 3482 581 3551 Bvcp.
660 3488 703 3536 13.
726 3483 799 3552 τῶν]
830 3500 844 3537 e
869 3482 995 3549 corn-V.
1073 3491 1114 3539 14.
