2348 3818
115 145 159 209 94
494 143 697 196 ΣΤοΙΧωΙαω
716 137 756 196 ς’.

113 291 152 355 αἴ
176 287 291 355 λοιπαὶ
318 290 440 372 γωνίαι
466 297 539 364 ταῖς
568 293 700 363 λοιπαῖς
728 287 869 369 γωνίαις
894 289 964 350 ἴσαι
989 286 1137 368 ἔσονται,

112 390 176 480 ὑφ’
202 390 243 473 ἃς
266 396 303 460 αἴ
325 402 395 461 ἴσαι
416 392 557 481 πλευραὶ
581 389 827 459 ὑποτείνουσιν.
869 397 925 475 ἴση
949 387 1016 476 ἄρα
1042 389 1135 457 ἐστὶν

113 498 221 585 ἡμὲν
243 499 311 567 ὑπὸ
336 505 446 567 ΔΖΗ
464 503 504 588 τῇ
527 497 594 568 ὑπο
620 504 737 582 ΔΖΕ,
760 496 781 582 ἡ
807 496 846 565 δὲ
868 496 935 564 ὑπο
959 500 1067 563 ΔΗΖ
1091 499 1133 583 τῇ

111 605 178 672 ὑπὸ
213 612 322 676 ΔΕΖ.
365 604 438 674 ἀλλ’
469 605 489 690 ἴ,
522 604 589 673 ὑπο
618 610 729 671 ΔΖΗ
751 607 791 692 τῇ
818 602 886 671 ὑπο
916 607 1015 669 ΑΓΒ
1040 603 1133 668 ἐστιν

79 719 186 797 οἴση·
216 712 272 778 καῖ
301 712 323 800 ἡ
351 716 418 781 υπὸ
446 717 544 780 ΑΓΒ
572 710 638 800 ἄρα
665 720 705 798 τῇ
729 709 796 777 ὑπὸ
820 716 927 776 ΔΖΕ
949 711 1041 777 ἐστιν
1065 715 1133 793 ἴση.

111 816 285 885 ὑπόκειται
309 817 346 886 δὲ
368 818 424 885 καῖ
446 815 468 905 ἡ
491 817 558 886 ὑπο
582 821 688 885 ΒΑΓ
705 820 745 906 τῇ
769 815 836 884 ὑπὸ
857 820 960 883 ΕΔΖ
979 822 1048 899 ἴση·
1072 813 1132 880 καῖ

111 931 211 1011 ἴοιπη
240 923 306 1012 ἄρα
334 925 355 1010 ἡ
384 927 468 1013 πρὸς
494 928 540 1016 τῷ
569 931 598 991 Β
626 928 728 1012 λοιπῇ
756 926 796 1012 τῇ
822 924 910 1011 πρὸς
936 923 982 1012 τῷ
1012 927 1044 986 E
1074 927 1132 1004 ἴση

112 1032 215 1098 ἐστίν·
240 1030 422 1116 ἰσογώνιον
441 1028 507 1116 ἄρα
526 1030 596 1098 ἐστὶ
609 1032 647 1097 τὸ
662 1035 767 1097 ΑΒΓ
780 1035 948 1116 τρίγωνον
962 1029 1011 1116 τῷ
1025 1031 1130 1092 ΔΕΖ

112 1133 275 1226 τριγώνῳ.

61 1253 95 1301 10
179 1238 258 1307 Ἐοἴν
288 1237 354 1327 ἄρα
385 1238 448 1309 δύο
477 1244 625 1328 τρίγωνα
654 1245 734 1327 μίαν
764 1245 893 1325 γωνίαν
926 1241 985 1326 μιᾷ
1020 1243 1132 1328 γωνία

111 1353 189 1430 ἴσην
214 1349 287 1433 ἔχη,
310 1345 386 1432 περῖ
410 1345 448 1414 δὲ
469 1369 528 1426 τας
552 1355 626 1427 ἴσας
648 1351 772 1431 γωνίας
794 1371 854 1426 τας
876 1352 1022 1433 πῖενρας
1045 1341 1130 1411 ἀνώ-

110 1457 230 1536 λογον,
254 1450 417 1537 ίσογώνια
440 1456 531 1519 ἔσται
554 1455 594 1518 τοὶ
618 1457 764 1538 τρίγωνα
787 1451 843 1519 καῖ
873 1460 948 1529 ἴσας
974 1451 1038 1532 ἕξει
1067 1475 1130 1531 τας

109 1560 249 1642 γωνίας,
269 1556 339 1644 ὑφ’
374 1553 414 1637 ἃς
443 1561 481 1625 αἴ
509 1556 670 1644 ὁμόλογοι
699 1557 839 1645 πλευραὶ
871 1556 1130 1626 ὑποτείνουσιν·

38 1664 43 1674 ’
110 1659 193 1746 ὅπερ
217 1667 285 1731 ἔδει
309 1666 422 1745 δείξαι.

55 1796 88 1846 ιι
600 1786 635 1869 ζ’,

170 1909 258 1979 Ἐὰν
286 1913 359 1980 δύο
391 1918 566 2000 τρίγωνα
594 1917 689 1998 μίαν
720 1916 874 1997 γωνίαν
901 1914 970 1999 μιᾷ
997 1919 1130 2003 γωνία

47 2042 50 2046 ’
105 2023 197 2100 ἴσην
225 2022 307 2106 ἔχη,
341 2018 429 2105 περὶ
463 2016 505 2085 δὲ
533 2015 654 2096 ἄλλως
680 2024 829 2102 γωνίας
855 2015 924 2096 τὰς
951 2018 1129 2105 πλευρὰς

103 2116 322 2210 οἷνοίλογον,
350 2127 426 2191 τών
450 2122 493 2191 δὲ
519 2127 687 2191 ἴοιπών·
704 2125 896 2211 ἑκατέραν
925 2121 947 2190 ἅ
958 2149 1009 2210 μα
1034 2121 1127 2210 ἤτοι

104 2227 301 2297 ἐλάσσονα
342 2224 362 2295 ἴ
404 2228 454 2315 μὴ
498 2227 698 2297 ἐλάσσονα
739 2229 880 2318 ὀρθῆς,
928 2229 1126 2316 ἰσογώνια

51 2336 213 2401 2(ἴῖσται
248 2333 292 2401 τὰ
331 2337 506 2421 τρίγωνα
536 2335 601 2401 καῖ
634 2343 721 2415 ἴσας
751 2338 831 2417 ἕξει
863 2334 930 2416 τὰς
962 2343 1125 2425 γωνίας,

102 2440 191 2525 περὶ
214 2437 258 2519 ἃς
280 2436 481 2525 ἀνάλογόν
505 2442 612 2507 είσιν
636 2444 680 2508 αἴ
699 2447 875 2531 πλευραί.

160 2541 269 2610 Ἔστω
307 2542 370 2611 δύο
406 2549 555 2631 τρίγωνα
591 2542 631 2611 τὰ
664 2551 778 2632 ΑΒΓ,
798 2554 899 2615 ΔΒΖ
937 2553 1017 2634 μίαν
1054 2577 1122 2635 γω·

102 2652 181 2715 νίαν
209 2650 268 2736 μιᾷ
291 2654 400 2739 γωνίᾳ
427 2658 504 2736 ἴσην
535 2654 654 2737 ἔχοντα
686 2649 748 2738 τὴν
771 2649 837 2721 ὑπὸ
861 2659 968 2721 ΒΑΓ
983 2659 1023 2742 τῇ
1047 2653 1119 2724 ὑπὸ

101 2759 220 2838 ΕΔΖ,
252 2753 328 2840 περὶ
356 2754 394 2823 δὲ
421 2752 524 2836 ἄλλας
551 2761 677 2842 γωνίας
702 2755 762 2837 τὰς
789 2755 854 2826 ὑπὸ
884 2766 993 2846 ΑΒΓ,
1013 2768 1120 2829 ΔΕΖ

50 2873 87 2925 25
102 2856 162 2938 τὰς
187 2857 333 2948 πίενροῖς
363 2857 533 2947 ἀνάλογον
541 2914 551 2949 ,
584 2860 630 2942 ὡς
660 2861 723 2949 τὴν
746 2871 811 2931 ΑΒ
839 2863 923 2953 πρὸς
949 2864 1012 2953 τὴν
1042 2855 1121 2955 ΒΓ,

101 2961 208 3045 οὕτως
238 2962 301 3052 τὴν
329 2974 399 3034 ΛΕ
424 2966 509 3055 πρὸς
534 2967 597 3055 τὴν
625 2975 703 3056 ΕΖ,
730 2973 799 3037 τών
827 2970 864 3039 δὲ
891 2976 1019 3041 λοιπῶν
1046 2979 1122 3044 τών

173 3188 196 3235 1.
223 3177 336 3233 ἔσονται
365 3175 486 3250 ἑκατέρα
510 3180 632 3251 ἑκατέρα
655 3183 752 3238 Theon
779 3183 915 3254 (BFVp).
1005 3192 1030 3242 3.
1056 3181 1118 3242 ὑπὸ

101 3251 203 3336 4112]
227 3249 395 3334 gemmus,
420 3247 476 3306 ιιι
501 3257 584 3308 ΔΕΖ
602 3237 640 3319 Ρ;
656 3251 734 3342 (πρὸς
758 3255 796 3324 τῷ
816 3258 844 3308 ιι
868 3256 966 3311 Theon
984 3257 1118 3344 (Βνηρ,

98 3322 546 3464 ἴῖἒοώῖπῖἴῖἓὲνωνιῖἴη
564 3325 1114 3466 (Βῖίέ,ίξιῖἴώθῖῗῖἓῗᾞέἶ

93 3458 168 3515 duo}
183 3462 213 3519 P.
289 3466 383 3536 ΑΓΒ]
402 3468 482 3518 ΒΓΑ
500 3464 535 3534 Ρ,
554 3471 576 3519 Α
595 3465 625 3520 in
643 3483 697 3521 ras.
771 3473 795 3522 6.
815 3452 865 3522 καῖ
879 3462 897 3536 ἡ
913 3499 946 3508 -
963 3463 1038 3524 ἐστιν
1053 3469 1115 3540 ἴση]
