2348 3818
89 138 156 202 260
465 140 668 195 §fromn
686 141 722 205 ζ.

89 280 156 368 ἄρα
184 280 274 348 ἐστὶν
302 278 321 348 6
350 283 387 349 ἐν
412 284 482 349 τῶν
504 290 554 367 A,
575 287 615 349 Η
637 284 693 373 τῷ,
712 283 748 353 ἐκ
775 285 843 353 τῶν
866 289 912 369 Β,
934 291 977 351 Θ·
1016 288 1104 355 ἔστιν

89 385 156 472 ἄρα
189 383 234 465 ὡς
261 383 279 455 6
302 395 334 454 A
361 384 448 472 πρὸς
471 383 532 455 τὸν
554 394 599 473 Β,
633 384 740 467 οὕτως
768 384 786 455 6
811 395 843 456 Β
865 387 961 477 πρὸς,
977 388 1042 463 τὸν
1066 397 1106 463 H.

90 488 143 572 ὡς·
157 491 196 560 δὲ
219 489 238 561 6
260 501 293 560 Α
315 490 398 580 πρὸς
420 490 481 561 τὸν
503 500 544 577 Β,
568 490 680 572 οὕτως,
699 490 719 560 6
739 501 766 561 Ζ
788 492 871 580 πρὸς
893 493 955 564 τὸν
973 502 1017 566 Et
1050 497 1106 569 ml

90 595 136 678 ὡς
158 595 223 685 ἄρα
246 594 265 666 6
289 605 318 667 Z
339 595 424 684 πρὸς
445 595 505 665 τὸν
528 604 573 682 E,
593 597 699 676 οὕτως
723 594 741 666 6
760 605 789 664 Θ
812 597 903 686 πρὸς
917 598 979 668 τὸν
997 606 1056 673 Η,
1074 603 1109 675 qt

55 702 129 774 ὅδὲ
147 711 188 789 Ζ,
205 711 237 773 Β
257 704 434 790 ἐλάχιστοι,
459 705 494 770 οῖ
515 701 553 771 66
577 703 744 790 ἐλάχιστοι
766 707 928 791 μετροῦσι,
947 702 1029 784 τοὺς
1047 703 1107 775 τὸν

89 807 196 878 αὐτὸν
221 811 324 897 λόγον
347 814 484 897 ἔχοντας
512 809 622 889 ἰσάκις
644 809 664 881 ὅ
687 835 723 878 τε
746 817 866 898 μείζων
888 809 948 886 τὸν
969 817 1108 898 μείζονα

88 917 145 986 ml
168 914 186 985 6
210 917 361 988 ἐλάσσων
384 914 448 985 τὸν
469 916 646 987 ἐλάσσονα·
685 914 758 991 ὁΒ
772 915 843 1006 ἄρα
856 914 918 985 τὸν
932 924 973 992 Η
976 932 1108 1008 mm

88 1023 144 1093 ναὶ
171 1023 241 1091 ἐπεὶ
267 1019 285 1091 6
309 1032 342 1090 A
363 1020 444 1102 τοὺς
466 1029 510 1108 Ε,
535 1029 572 1095 Η
590 1022 885 1103 πολλαπλασιάσας
906 1021 1058 1112 τούς-Π,
1075 1036 1109 1100 Δ

88 1134 282 1215 πεποίηκεν,
310 1132 401 1197 ἔστιν
428 1126 495 1216 ἄρα
523 1124 569 1207 ὡς
591 1124 609 1196 6
634 1135 667 1199 Β
686 1126 771 1216 πρὸς
793 1127 859 1198 τὸν
877 1135 926 1215 Η,
955 1130 1108 1212 οὕτωςὸ

37 1248 71 1298 10
89 1239 121 1301 Γ
139 1232 222 1323 πρὸς
244 1233 304 1302 τὸν
328 1243 369 1302 Δ.
415 1231 434 1302 6
458 1233 496 1304 δὲ
519 1240 551 1300 Β
571 1231 631 1303 τὸν
653 1241 694 1303 Η
710 1248 833 1323 μετρεῖ·
864 1235 922 1303 καὶ
945 1233 962 1304 6
986 1244 1019 1307 Γ
1038 1237 1107 1327 ἄρα

87 1338 147 1408 τὸν
176 1348 209 1407 Δ
240 1354 353 1427 μετρεῖ
387 1338 412 1409 6-
439 1345 558 1427 μείζων
590 1338 651 1408 τὸν
679 1342 859 1410 ἐλάσσονα·
895 1342 982 1431 ὅπερ·
1011 1345 1105 1415 ἐστὶν

89 1441 269 1513 ἀδύνατον.
305 1442 370 1516 οὐκ
391 1442 456 1533 ἄρα
479 1447 515 1513 ολ
526 1454 569 1531 Α,
583 1453 613 1513 Β
636 1447 842 1535 μετρήσουσί
861 1472 937 1520 τινα
955 1446 1108 1538 ἀριθμὸν

89 1551 255 1620 ἐλάσσονα
287 1549 369 1620 ὄντα
400 1555 461 1620 τοῦ
488 1559 525 1620 Γ.
567 1549 584 1618 ἱ
609 1557 643 1619 Γ
664 1548 730 1640 ἄρα
759 1554 936 1640 ἐλάχιστος·
957 1550 1007 1624 ὢν
1035 1554 1106 1627 ὑπὸ

88 1661 156 1727 τῶν
179 1667 223 1744 A,
244 1666 274 1726 Β
298 1672 476 1747 μετρεῖται·
509 1657 590 1745 ὅπερ
614 1661 685 1726 ἔπει
708 1661 822 1740 δεῖξαι.

36 1875 70 1924 15
564 1853 623 1919 λε’.

153 1974 241 2043 Ἐὰν
273 1978 351 2044 δύο.
375 1975 542 2062 ἀριθμοὶ
574 1972 750 2062 ἀριθμόν
777 2001 866 2044 τινα
893 1983 1109 2068 μετρῶσιν,

88 2081 152 2148 καὶ
186 2077 204 2147 6
237 2081 443 2169 ἐλάχιστος
473 2078 535 2148 ὑπ’
571 2078 701 2150 αὐτῶν
733 2083 1003 2170 μετρούμενος
1035 2085 1109 2154 τὸν

89 2183 210 2254 αὐτὸν
233 2189 426 2275 μετρήσει.

156 2292 232 2359 Δύο
255 2291 319 2380 γὰρ
342 2289 484 2378 ἀριθμοὶ
508 2295 544 2360 οῖ
563 2303 611 2379 Α,
635 2301 664 2369 Β
687 2291 838 2382 ἀριθμόν
860 2320 936 2363 τινα
958 2295 1019 2364 τὸν
1042 2304 1109 2366 ΓΔ

37 2415 71 2463 20
90 2402 324 2485 μετρείτωσαν,
349 2399 524 2486 ἐλάχιστον
548 2399 586 2470 66
608 2397 667 2467 τὸν
686 2407 729 2467 Β·
766 2401 866 2486 λέγω,
888 2401 942 2475 ὅτι,
961 2402 1017 2469 καὶ
1041 2401 1110 2474 ὁ-.Ε

88 2501 146 2571 τὸν
170 2509 233 2572 ΓΔ
255 2518 373 2593 μετρεῖ.

155 2614 200 2678 Εἰ
221 2609 284 2698 γὰρ
310 2608 352 2680 οὐ
374 2624 487 2699 μετρεῖ
508 2609 526 2678 6
550 2619 582 2679 E
601 2609 662 2680 τὸν
684 2618 759 2697 ΓΛ,
783 2609 801 2678 6
825 2619 857 2679 E
877 2610 936 2680 τὸν
961 2621 1029 2686 ΛΖ
1051 2643 1107 2701 με·

87 2721 178 2803 τροόν
201 2719 337 2792 λεαιέτω
367 2719 487 2792 ἑαυτοῦ
516 2719 681 2794 ἐλάσσονα
704 2714 770 2785 τὸν
786 2724 855 2793 ΓΖ.
896 2720 953 2786 καὶ
976 2721 1046 2793 ἐπεὶ
1072 2726 1110 2791 οῖ

67 2833 135 2908 «Α,
159 2831 188 2890 Β
210 2821 270 2891 τὸν
293 2831 325 2891 E
345 2827 541 2910 μετροῦσιν,
565 2821 583 2892 6
608 2823 646 2894 δὲ
668 2830 700 2890 Ε
720 2820 779 2893 τὸν
803 2831 870 2899 ΔΖ
892 2839 1019 2913 μετρεῖ,
1048 2830 1108 2897 καὶ

35 2951 69 2999 25
89 2931 124 2995 οἱ
144 2937 191 3012 Α,
215 2935 244 2994 Β
268 2927 332 3016 ἄρα
355 2928 414 2996 τὸν
438 2938 505 2997 ΔΖ
528 2932 776 3018 μετρήσουσιν.
805 2934 964 3018 μετροῦσι
987 2931 1025 3001 66
1048 2935 1108 3005 καὶ

159 3110 183 3157 2
202 3099 258 3190 ως]
278 3104 372 3160 msert
391 3124 428 3160 m.
450 3112 510 3175 lp.
591 3107 665 3229 HJ
657 3125 687 3160 1n
705 3123 758 3164 ras
780 3127 810 3194 φ
892 3114 917 3162 3
938 3102 1107 3171 οατωςοΖ

87 3171 177 3262 πρὸς
181 3173 231 3227 τὸν
254 3176 296 3262 Ε]
321 3194 380 3262 mg.
401 3197 446 3260 φ.
467 3177 579 3231 ΡοεῖΕ
599 3177 662 3231 ad.
682 3177 715 3231 Ρ.
740 3173 802 3231 αλλ’
829 3173 1034 3266 αςοΑτιρος
1052 3202 1105 3237 τον

88 3251 123 3333 Β,
143 3240 264 3307 οὕτωςὸ
287 3244 380 3301 Θιι
352 3267 401 3317 ρος
419 3243 470 3301 τὸν
488 3251 529 3313 Η;
549 3247 603 3301 del.
623 3267 660 3302 m
680 3264 734 3302 ree.
807 3243 894 3302 ιιαλ
876 3269 913 3310 ως
931 3245 1001 3320 αρα]
1027 3249 1105 3309 ἔστιν

87 3336 143 3442 666
162 3312 199 3379 ὡς
212 3335 257 3475 Β]
278 3269 596 3459 ZP‚Q66rr&nI6.1666?r
615 3335 784 3461 ΜΒῨΒΡ,
803 3319 1045 3447 ΒΒ.ΗωΡεεοοοη
1064 3341 1103 3450 Β.

83 3456 169 3531 τιν’ς]
186 3456 238 3514 τόν
251 3477 282 3530 p
357 3463 382 3513 E
389 3461 461 3532 ,H]
482 3463 518 3530 H,
537 3461 612 3516 ΕΒ.
686 3466 727 3516 12.
747 3457 982 3530 μετρήσουσινΒ.
1059 3472 1101 3522 13.
