2348 3818
365 121 642 175 uunusurouun
660 122 769 175 urana
787 122 820 173 x.
1081 118 1102 183 ἰ

80 268 259 334 diuisiones
282 267 383 352 igitur
406 269 488 344 ΛΚ,
511 267 545 328 K
550 269 592 348 Θ,
614 269 677 330 ΘΒ
700 285 836 330 numero
860 264 1011 347 aequales
1036 263 1103 329 sint

82 372 299 439 diuisionibus
323 377 357 436 Δ
362 376 399 456 Z,
418 375 495 456 ΖΗ,
514 375 592 437 HE.
614 375 648 436 et
666 371 821 454 quoniam
845 374 914 435 ΑΕ
926 380 961 445 >
976 376 1008 437 A
1013 373 1050 455 B,
1069 376 1103 436 et

82 503 103 544 a
126 484 197 544 ΔΕ
217 478 324 545 minus
349 500 446 562 quam
468 478 638 544 dimidium
662 478 866 544 subtractum
889 482 940 543 est
958 480 1036 562 ΕΗ,
1060 477 1101 542 ab

82 590 148 651 ΑΒ
171 589 281 651 autem
303 586 379 668 plus
402 607 497 666 quam
520 583 689 650 dimidium
712 587 787 668 Bc,
810 584 873 649 erit
891 586 965 647 ΗΔ
977 594 1012 658 >
1027 587 1102 651 ΘΑ.

80 696 115 756 et
137 689 292 774 quoniam
314 692 388 754 HA
401 700 436 764 >
451 693 525 775 ΘΑ,
548 694 580 755 et
603 690 646 755 ab
668 692 741 753 HA
763 689 932 754 dimidium
955 689 1101 755 subtrae-

80 799 154 861 tum
178 800 229 861 est
251 799 328 879 HZ,
352 818 371 860 a
394 799 460 861 ΘΑ
483 798 592 861 autem
616 795 689 880 plns
713 817 810 879 quam
832 794 1001 859 dimidium
1024 797 1100 879 ΘΚ,

79 901 144 967 erit
158 906 192 965 Δ
197 906 224 966 Ζ
238 912 273 975 >
288 905 366 968 ΑΚ.
379 922 493 967 uerum
509 906 574 966 ΔΖ
590 932 632 955 =-
646 904 682 967 Γ.
702 922 801 985 quare
817 901 917 967 etiam
931 903 964 965 Γ
973 911 1008 975 >
1023 904 1101 966 AK.

79 1029 161 1094 ergo
184 1012 259 1073 ΑΚ
272 1017 307 1082 <
320 1010 355 1073 Γ.

147 1113 238 1200 Ergo
270 1136 309 1178 ex
340 1113 563 1198 magnitudine
590 1119 656 1179 AB
683 1115 877 1197 relinquitur
906 1113 1098 1199 magnitudo

80 1224 153 1285 ΑΚ
189 1221 296 1287 minor
327 1220 496 1304 proposita
528 1221 749 1305 magnitudine
782 1220 908 1285 minore
940 1222 981 1303 F3
1014 1219 1099 1303 quod

82 1330 155 1389 erat
176 1326 470 1393 demonstrandum

153 1429 309 1498 Similiter
347 1436 456 1497 autem
489 1431 778 1515 demonstrabitur,
810 1433 909 1497 etiam
944 1433 985 1516 si,
1017 1453 1100 1517 quae

82 1537 328 1622 subtrahuntur,
354 1536 486 1602 dimidia
510 1541 593 1603 sunt.

567 1711 608 1777 IL

148 1834 184 1901 Si
208 1857 247 1900 ex
275 1837 398 1904 duabus
421 1837 701 1922 magnitudinibus
724 1835 949 1918 inaequalibus
974 1835 1099 1901 minore

80 1963 210 2026 semper
229 1942 376 2009 uicissim
397 1966 416 2007 a
434 1943 557 2008 maiore
575 1943 742 2008 subtracta
756 1942 918 2026 reliquum
932 1965 1100 2027 nunquam

79 2049 330 2131 praecedentem
354 2049 609 2135 magnitudinem
632 2049 774 2134 metitur,
798 2049 1037 2134 magnitudines
1052 2049 1099 2115 in·

81 2154 392 2220 commensurabiles
416 2157 519 2221 erunt

147 2259 244 2325 Datis
278 2261 365 2325 enim
400 2260 524 2327 duabus
560 2262 838 2346 magnitudinibus
872 2262 1097 2347 inaequalibus

81 2372 113 2430 A
120 2369 157 2449 B,
181 2368 248 2430 ΓΔ
272 2367 378 2431 minor
401 2366 445 2433 eit
463 2371 539 2450 AB,
562 2371 595 2432 et
618 2367 742 2433 minore
766 2390 891 2452 semper
914 2369 1059 2434 uicissim
1079 2393 1098 2434 a

189 2525 213 2576 Ε
429 2526 460 2576 H
587 2501 588 2504 ¹
695 2475 815 2540 maiore
835 2475 1002 2540 subtracta
1023 2476 1099 2541 reli-

152 2593 249 2629 Η
366 2581 666 2630 ΑΡ-Ι-Ι--ΙΒ
695 2602 793 2663 quum
804 2601 844 2643 ne
854 2601 995 2664 unquam
1005 2603 1098 2664 prae-

194 2702 215 2751 Ζ
694 2685 861 2750 cedentem
900 2685 1097 2770 magnitudi-

81 2755 201 2804 P-³
419 2756 667 2807 'mm
695 2812 770 2855 nem
800 2790 960 2855 metiatur.
1013 2792 1099 2877 dice,

79 2894 321 2980 magnitudines
346 2900 421 2980 AB,
438 2899 505 2960 ΓΔ
528 2896 870 2962 incommensurabiles
894 2918 972 2962 csse.

147 3000 235 3066 Nam
265 3001 292 3066 si
320 3003 626 3068 commensurabiles
656 3007 744 3087 sunt,
774 3003 964 3087 magnitudo
989 3004 1098 3088 aliqua

77 3129 135 3172 eas
159 3107 320 3172 metietur.
352 3109 514 3192 metiatur,
538 3110 566 3172 si
584 3109 655 3173 fieri
674 3111 791 3192 potest,
810 3112 843 3172 et
861 3109 905 3172 sit
923 3113 960 3173 E.
981 3114 1012 3173 et
1031 3115 1097 3174 AB

77 3213 339 3298 magnitudinem
358 3217 426 3277 ΖΛ
444 3216 580 3280 metiens
605 3237 638 3279 se
661 3216 734 3298 ipsa
757 3216 913 3279 minorem
934 3216 1098 3299 relinquat

78 3387 144 3458 ΖΔ]
166 3389 236 3441 mut.
256 3386 286 3440 in
305 3391 356 3440 ΓΔ
375 3406 411 3443 m.
431 3394 446 3442 2
466 3389 497 3456 B,
516 3407 553 3443 m.
573 3405 627 3444 rec.
646 3389 675 3457 b;
695 3393 748 3442 ΔΖ
766 3406 781 3443 e
797 3405 865 3444 corr.
880 3389 941 3444 PV.
1016 3385 1097 3442 ἐλάσ-

79 3475 151 3512 σονα
169 3457 200 3527 Ρ,
220 3458 270 3512 sed
288 3477 307 3511 α
326 3458 380 3513 del.
