2348 3818
329 116 605 167 nmmum!
621 117 731 167 LIBER
749 117 796 167 VI.
1034 113 1078 178 95

185 188 203 225 0

63 259 126 323 sub
153 259 273 344 quibus
301 261 451 344 aequalia
477 260 581 324 latera
604 259 803 324 subtendnnt
826 259 865 342 [1,
882 260 929 341 4].
968 259 1078 342 itaque

61 368 219 440 [ΔΖΗ
231 396 276 418 =
295 371 412 449 AZE,
434 369 577 442 [ΔΗΖ
592 396 635 419 =
651 370 762 431 ΔΕΖ.
798 387 910 431 uerum
929 373 951 442 L
972 369 1084 430 ΑΖΗ

63 503 107 526 =
121 475 232 537 ΑΓΒ.
267 495 368 557 quare
390 472 490 537 etiam
508 474 814 548 LAPB=AZR
849 473 1079 557 supposuimus

62 583 189 662 antem,
211 601 282 644 esse
300 578 400 643 etiam
418 581 612 655 LBAP=
626 582 739 642 EAZ.
775 578 885 662 itique
904 579 1003 644 etiam
1022 578 1078 663 qui

61 686 259 770 relinquitur
282 686 421 770 angulus
449 685 491 750 ad
514 689 543 750 Β
571 685 712 769 pesitus,
734 684 859 769 reliquo
887 686 1008 771 angulo
1037 685 1078 750 ad

60 796 97 865 E
116 791 226 876 posite
249 790 396 875 aequalis
419 795 471 856 est
494 790 533 875 [1,
551 791 619 871 32].
660 790 771 875 itaque
793 790 951 874 trianguli
970 793 1078 874 ΑΒΓ,

61 901 166 962 ΔΕΖ
186 897 396 982 aequianguli
419 901 504 962 sunt

133 1003 225 1090 Ergo
249 1005 278 1068 si
298 1004 363 1069 duo
385 1004 544 1088 trianguli
565 1026 667 1069 unum
694 1003 851 1089 angulum
873 1003 931 1067 uni
958 1003 1077 1087 angulo

61 1111 233 1195 aequalem
268 1110 393 1174 habent
424 1113 458 1174 et
488 1109 592 1173 latera
625 1111 777 1194 aequales
815 1109 955 1194 angulos
992 1129 1078 1174 eom·

59 1217 300 1301 prehendentia
321 1215 595 1300 proportionalia,
626 1215 834 1302 aequianguli
857 1219 952 1279 erunt
978 1215 1078 1279 trian-

61 1323 137 1410 guli
166 1327 200 1388 et
226 1345 283 1388 eos
310 1324 448 1408 angulos
479 1323 630 1407 aequales
661 1323 844 1404 habebunt,
872 1322 931 1388 sub
960 1321 1078 1406 quibus

60 1429 350 1513 correspondentia
372 1428 476 1492 latera
499 1427 710 1513 subtendunt3
739 1428 826 1514 quod
853 1432 924 1495 erat
946 1427 1077 1495 demon·

61 1534 244 1601 strandum.

535 1637 610 1705 VH.

135 1743 170 1810 si
192 1746 256 1811 duo
279 1745 435 1830 trianguli
453 1767 556 1809 unum
574 1744 729 1830 angulum
747 1746 805 1809 uni
823 1745 943 1829 angulo
963 1766 1078 1829 aequa·

61 1855 132 1919 lem
155 1854 279 1918 habent
301 1855 336 1917 et
357 1852 463 1917 latera
486 1850 569 1917 alios
594 1851 675 1916 duos
705 1851 845 1937 angulos
868 1851 1077 1935 eomprehen-

61 1959 177 2026 dentia
208 1957 465 2043 proportionalia
502 1961 534 2022 et
570 1956 715 2042 reliquos
753 1958 889 2042 angulos
933 1957 1078 2043 singulos

62 2067 164 2133 simul
191 2068 249 2130 aut
277 2065 419 2128 minores
449 2068 506 2129 aut
534 2086 601 2130 non
624 2064 766 2130 minores
790 2068 892 2143 reete,
922 2063 1079 2149 trianguli

62 2170 273 2256 aequianguli
301 2173 396 2234 erunt
419 2171 453 2233 et
474 2190 530 2234 eos
555 2170 693 2254 angulos
723 2170 874 2255 aequales
901 2169 1079 2255 habebunt,

63 2301 148 2365 quos
172 2279 276 2344 latere
297 2275 557 2361 proportionalia
580 2276 866 2360 comprehendunt.

342 2451 345 2457 ,
482 2379 556 2446 Sint
578 2382 641 2446 duo
669 2383 825 2467 trianguli
849 2384 957 2468 ΑΒΓ,
978 2388 1079 2448 ΔΕΖ

230 2414 513 2877 'Qunam
529 2488 683 2572 angulum
697 2487 754 2574 uni
774 2490 895 2573 angulo
910 2490 1080 2574 aequalem

414 2592 583 2677 habentes,
597 2599 619 2669 l,
632 2596 736 2659 ΒΑΓ
746 2606 790 2648 =‘
802 2599 872 2659 EA
878 2600 914 2678 Z,
929 2598 963 2660 et
975 2596 1080 2659 latera

61 2836 92 2892 B

415 2698 497 2764 alios
521 2698 601 2765 duos
616 2700 754 2784 angulos
774 2700 1080 2785 comprehendentia

413 2804 677 2890 proportionalia,
686 2810 751 2870 AB
766 2829 774 2870 ε
788 2808 903 2870 ΒΓ-
914 2812 998 2872 AE:
1008 2811 1081 2892 EZ,

415 2915 449 2976 et
484 2910 626 2996 reliquos
663 2913 810 2998 angulos,
847 2912 902 2996 qui
933 2914 974 2979 ad
996 2917 1079 2998 Γ,Ζ

259 3021 300 3084 Γ
414 3016 515 3100 positi
527 3021 612 3102 sunt,
620 3018 711 3101 prius
723 3018 868 3104 singulos
879 3020 976 3084 simul
990 3025 1078 3086 reete

63 3209 121 3247 om.
140 3211 169 3262 p.
244 3195 267 3247 7.
286 3193 341 3263 τῷ]
360 3188 392 3246 τό
411 3191 441 3246 P.
515 3192 571 3273 τῶ]
591 3208 606 3246 e
626 3208 695 3248 corr.
714 3193 744 3249 P.
818 3199 841 3248 8.
863 3189 939 3266 ἔστί]
960 3190 1034 3249 ἐστίν
1049 3197 1079 3261 Ρ,

64 3280 157 3332 comp.
185 3281 213 3332 p.
306 3269 347 3318 19.
369 3259 506 3319 ἐλάττονα
534 3246 578 3317 tna
601 3263 632 3318 F.
673 3263 753 3316 Prius
783 3259 919 3320 ἐλάσσονα
948 3282 1016 3320 eorr.
1047 3282 1080 3318 ex

64 3333 185 3388 ἔλασσον
208 3351 246 3388 m.
270 3339 286 3388 Β
310 3333 342 3388 P.
420 3340 462 3389 23.
487 3334 538 3409 μιᾷ
561 3335 662 3407 γωνίᾳ]
685 3333 798 3403 punctis
820 3338 909 3391 notat.
933 3336 962 3390 F.
1036 3339 1078 3387 24.

64 3405 169 3476 ΕΔΖ]
194 3421 263 3460 eorr.
285 3420 318 3458 ex
336 3409 419 3460 ΔΕΖ
437 3422 474 3459 m.
493 3422 548 3460 ree.
567 3404 597 3460 P.
678 3405 774 3476 ABP]
795 3409 877 3460 ΒΑΓ
893 3427 927 3474 qq
951 3407 1033 3458 ΑΒΔ
1050 3420 1084 3472 p.

102 3480 145 3532 26.
164 3472 218 3545 τὴν
237 3476 307 3547 ΒΓ]
326 3479 381 3530 ΒΓ
396 3476 478 3554 BFp.
554 3481 596 3532 26.
616 3473 668 3548 τήν
690 3476 763 3552 EZl
781 3479 836 3534 ΕΖ
849 3476 944 3547 aas.
