<?xml version="1.0" encoding="UTF-8"?>
<!DOCTYPE html PUBLIC "-//W3C//DTD XHTML 1.0 Transitional//EN"
    "http://www.w3.org/TR/xhtml1/DTD/xhtml1-transitional.dtd">
<html xmlns="http://www.w3.org/1999/xhtml" xml:lang="en" lang="en">
 <head>
  <title>
</title>
<meta http-equiv="Content-Type" content="text/html;charset=utf-8" />
  <meta name='ocr-system' content='tesseract 3.04.00' />
  <meta name='ocr-capabilities' content='ocr_page ocr_carea ocr_par ocr_line ocrx_word'/>
</head>
<body>
  <div class='ocr_page' id='page_1' title='image "./euclidisoperaom15unkngoog_0171.png"; bbox 0 0 2348 3818; ppageno 0'>
   <div class='ocr_carea' id='block_1_1' title="bbox 82 161 726 230">
    <p class='ocr_par' dir='ltr' id='par_1_1' title="bbox 82 161 726 230">
     <span class='ocr_line' id='line_1_1' title="bbox 82 161 726 230; baseline -0.012 -3"><span class='ocrx_word' id='word_1_1' title='bbox 82 162 145 230; x_wconf 82' lang='lat'><strong><em>148</em></strong></span> <span class='ocrx_word' id='word_1_2' title='bbox 465 165 667 218; x_wconf 73' lang='grc' dir='ltr'><strong><em>ΣΤοΙΧΕΙοΝ</em></strong></span> <span class='ocrx_word' id='word_1_3' title='bbox 685 161 726 219; x_wconf 82' lang='grc' dir='ltr'><strong><em>ς’,</em></strong></span> 
     </span>
    </p>
   </div>
   <div class='ocr_carea' id='block_1_2' title="bbox 29 303 1107 3303">
    <p class='ocr_par' dir='ltr' id='par_1_2' title="bbox 79 303 1103 713">
     <span class='ocr_line' id='line_1_2' title="bbox 79 303 1101 393; baseline -0.002 -19"><span class='ocrx_word' id='word_1_4' title='bbox 79 308 116 374; x_wconf 79' lang='grc' dir='ltr'><strong><em>ἐκ</em></strong></span> <span class='ocrx_word' id='word_1_5' title='bbox 138 308 207 374; x_wconf 87' lang='grc' dir='ltr'><strong><em>τῶν</em></strong></span> <span class='ocrx_word' id='word_1_6' title='bbox 230 308 394 391; x_wconf 79' lang='grc' dir='ltr'><strong><em>πλευρῶν,</em></strong></span> <span class='ocrx_word' id='word_1_7' title='bbox 441 306 497 373; x_wconf 82' lang='grc' dir='ltr'><strong><em>καὶ</em></strong></span> <span class='ocrx_word' id='word_1_8' title='bbox 521 309 593 374; x_wconf 80' lang='grc' dir='ltr'><strong><em>ἐπεί</em></strong></span> <span class='ocrx_word' id='word_1_9' title='bbox 613 309 702 374; x_wconf 81' lang='grc' dir='ltr'><strong><em>ἐστιν</em></strong></span> <span class='ocrx_word' id='word_1_10' title='bbox 722 303 772 387; x_wconf 82' lang='grc' dir='ltr'><strong><em>ῶς</em></strong></span> <span class='ocrx_word' id='word_1_11' title='bbox 800 303 820 393; x_wconf 82' lang='grc' dir='ltr'><em>ἡ</em></span> <span class='ocrx_word' id='word_1_12' title='bbox 844 311 910 372; x_wconf 90' lang='grc' dir='ltr'><strong><em>ΒΓ</em></strong></span> <span class='ocrx_word' id='word_1_13' title='bbox 928 303 1012 393; x_wconf 79' lang='grc' dir='ltr'><strong><em>πρὸς</em></strong></span> <span class='ocrx_word' id='word_1_14' title='bbox 1034 303 1101 390; x_wconf 78' lang='grc' dir='ltr'><strong><em>τὴν</em></strong></span> 
     </span>
     <span class='ocr_line' id='line_1_3' title="bbox 79 409 1102 502; baseline 0 -22"><span class='ocrx_word' id='word_1_15' title='bbox 79 417 164 497; x_wconf 88' lang='grc' dir='ltr'><strong><em>ΓΗ,</em></strong></span> <span class='ocrx_word' id='word_1_16' title='bbox 192 409 299 491; x_wconf 77' lang='grc' dir='ltr'><strong><em>οὕτως</em></strong></span> <span class='ocrx_word' id='word_1_17' title='bbox 325 410 363 480; x_wconf 86' lang='grc' dir='ltr'><strong><em>τὸ</em></strong></span> <span class='ocrx_word' id='word_1_18' title='bbox 392 417 461 479; x_wconf 99' lang='lat' dir='ltr'><em>AF</em></span> <span class='ocrx_word' id='word_1_19' title='bbox 484 416 830 502; x_wconf 81' lang='grc' dir='ltr'><strong><em>παραλληλόγραμμον</em></strong></span> <span class='ocrx_word' id='word_1_20' title='bbox 857 410 940 499; x_wconf 87' lang='grc' dir='ltr'><strong><em>πρὸς</em></strong></span> <span class='ocrx_word' id='word_1_21' title='bbox 961 409 1001 479; x_wconf 85' lang='grc' dir='ltr'><strong><em>τὸ</em></strong></span> <span class='ocrx_word' id='word_1_22' title='bbox 1025 417 1102 498; x_wconf 79' lang='grc' dir='ltr'><strong><em>ΓΘ,</em></strong></span> 
     </span>
     <span class='ocr_line' id='line_1_4' title="bbox 80 515 1102 606; baseline 0.001 -22"><span class='ocrx_word' id='word_1_23' title='bbox 80 516 156 585; x_wconf 85' lang='grc' dir='ltr'><strong><em>ἀλλ’</em></strong></span> <span class='ocrx_word' id='word_1_24' title='bbox 187 517 232 598; x_wconf 81' lang='grc' dir='ltr'><strong><em>ῶς</em></strong></span> <span class='ocrx_word' id='word_1_25' title='bbox 259 517 280 606; x_wconf 79' lang='grc' dir='ltr'><em>ἡ</em></span> <span class='ocrx_word' id='word_1_26' title='bbox 309 524 375 586; x_wconf 90' lang='grc' dir='ltr'><strong><em>ΒΓ</em></strong></span> <span class='ocrx_word' id='word_1_27' title='bbox 394 543 478 606; x_wconf 85' lang='grc' dir='ltr'><strong><em>προς</em></strong></span> <span class='ocrx_word' id='word_1_28' title='bbox 499 517 561 605; x_wconf 77' lang='grc' dir='ltr'><strong><em>τὴν</em></strong></span> <span class='ocrx_word' id='word_1_29' title='bbox 586 525 667 606; x_wconf 88' lang='grc' dir='ltr'><strong><em>ΓΗ,</em></strong></span> <span class='ocrx_word' id='word_1_30' title='bbox 696 517 802 600; x_wconf 80' lang='grc' dir='ltr'><strong><em>οὕτως</em></strong></span> <span class='ocrx_word' id='word_1_31' title='bbox 829 515 849 606; x_wconf 81' lang='grc' dir='ltr'><em>ἡ</em></span> <span class='ocrx_word' id='word_1_32' title='bbox 874 525 909 586; x_wconf 88' lang='grc' dir='ltr'><strong><em>Κ</em></strong></span> <span class='ocrx_word' id='word_1_33' title='bbox 929 516 1013 606; x_wconf 80' lang='grc' dir='ltr'><strong><em>πρὸς</em></strong></span> <span class='ocrx_word' id='word_1_34' title='bbox 1036 516 1102 604; x_wconf 78' lang='grc' dir='ltr'><strong><em>τὴν</em></strong></span> 
     </span>
     <span class='ocr_line' id='line_1_5' title="bbox 79 622 1103 713; baseline 0.002 -21"><span class='ocrx_word' id='word_1_35' title='bbox 79 631 126 711; x_wconf 93' lang='grc' dir='ltr'><strong><em>Λ,</em></strong></span> <span class='ocrx_word' id='word_1_36' title='bbox 149 626 206 692; x_wconf 80' lang='grc' dir='ltr'><strong><em>καὶ</em></strong></span> <span class='ocrx_word' id='word_1_37' title='bbox 229 622 274 704; x_wconf 85' lang='grc' dir='ltr'><strong><em>ῶς</em></strong></span> <span class='ocrx_word' id='word_1_38' title='bbox 297 624 363 713; x_wconf 75' lang='grc' dir='ltr'><strong><em>ἄρα</em></strong></span> <span class='ocrx_word' id='word_1_39' title='bbox 386 622 407 711; x_wconf 80' lang='grc' dir='ltr'><em>ἡ</em></span> <span class='ocrx_word' id='word_1_40' title='bbox 433 632 468 693; x_wconf 88' lang='grc' dir='ltr'><strong><em>Κ</em></strong></span> <span class='ocrx_word' id='word_1_41' title='bbox 488 623 572 712; x_wconf 83' lang='grc' dir='ltr'><strong><em>πρὸς</em></strong></span> <span class='ocrx_word' id='word_1_42' title='bbox 594 624 655 713; x_wconf 83' lang='grc' dir='ltr'><strong><em>τὴν</em></strong></span> <span class='ocrx_word' id='word_1_43' title='bbox 680 634 721 713; x_wconf 96' lang='lat' dir='ltr'><em>A,</em></span> <span class='ocrx_word' id='word_1_44' title='bbox 745 624 852 704; x_wconf 78' lang='grc' dir='ltr'><strong><em>οὕτως</em></strong></span> <span class='ocrx_word' id='word_1_45' title='bbox 873 623 910 693; x_wconf 80' lang='grc' dir='ltr'><strong><em>τὸ</em></strong></span> <span class='ocrx_word' id='word_1_46' title='bbox 929 631 1000 693; x_wconf 89' lang='lat' dir='ltr'><em>AF</em></span> <span class='ocrx_word' id='word_1_47' title='bbox 1014 624 1103 713; x_wconf 84' lang='grc' dir='ltr'><strong><em>πρὸς</em></strong></span> 
     </span>
    </p>

    <p class='ocr_par' dir='ltr' id='par_1_3' title="bbox 44 729 1103 1246">
     <span class='ocr_line' id='line_1_6' title="bbox 44 729 1102 820; baseline -0.004 -17"><span class='ocrx_word' id='word_1_48' title='bbox 44 730 117 803; x_wconf 83' lang='grc' dir='ltr'><strong><em>5πὸ</em></strong></span> <span class='ocrx_word' id='word_1_49' title='bbox 142 739 213 801; x_wconf 79' lang='grc' dir='ltr'><strong><em>ΓΘ.</em></strong></span> <span class='ocrx_word' id='word_1_50' title='bbox 259 731 375 817; x_wconf 81' lang='grc' dir='ltr'><strong><em>πάλιν,</em></strong></span> <span class='ocrx_word' id='word_1_51' title='bbox 405 734 477 800; x_wconf 81' lang='grc' dir='ltr'><strong><em>ἐπεί</em></strong></span> <span class='ocrx_word' id='word_1_52' title='bbox 503 733 593 800; x_wconf 80' lang='grc' dir='ltr'><strong><em>ἐστιν</em></strong></span> <span class='ocrx_word' id='word_1_53' title='bbox 622 730 666 813; x_wconf 84' lang='grc' dir='ltr'><strong><em>ῶς</em></strong></span> <span class='ocrx_word' id='word_1_54' title='bbox 694 729 715 819; x_wconf 84' lang='grc' dir='ltr'><em>ἡ</em></span> <span class='ocrx_word' id='word_1_55' title='bbox 740 738 810 800; x_wconf 92' lang='lat' dir='ltr'><em>AF</em></span> <span class='ocrx_word' id='word_1_56' title='bbox 828 731 912 820; x_wconf 85' lang='grc' dir='ltr'><strong><em>πρὸς</em></strong></span> <span class='ocrx_word' id='word_1_57' title='bbox 937 730 1000 817; x_wconf 74' lang='grc' dir='ltr'><strong><em>τὴν</em></strong></span> <span class='ocrx_word' id='word_1_58' title='bbox 1025 738 1102 818; x_wconf 89' lang='grc' dir='ltr'><strong><em>ΓΕ,</em></strong></span> 
     </span>
     <span class='ocr_line' id='line_1_7' title="bbox 82 835 1098 927; baseline -0.002 -20"><span class='ocrx_word' id='word_1_59' title='bbox 82 835 190 918; x_wconf 78' lang='grc' dir='ltr'><strong><em>οὕτως</em></strong></span> <span class='ocrx_word' id='word_1_60' title='bbox 217 835 254 906; x_wconf 84' lang='grc' dir='ltr'><strong><em>τὸ</em></strong></span> <span class='ocrx_word' id='word_1_61' title='bbox 283 843 344 906; x_wconf 81' lang='grc' dir='ltr'><strong><em>ΓΘ</em></strong></span> <span class='ocrx_word' id='word_1_62' title='bbox 371 838 720 926; x_wconf 81' lang='grc' dir='ltr'><strong><em>παραλληλόγραμμον</em></strong></span> <span class='ocrx_word' id='word_1_63' title='bbox 747 836 831 927; x_wconf 87' lang='grc' dir='ltr'><strong><em>πρὸς</em></strong></span> <span class='ocrx_word' id='word_1_64' title='bbox 852 836 889 905; x_wconf 86' lang='grc' dir='ltr'><strong><em>τὸ</em></strong></span> <span class='ocrx_word' id='word_1_65' title='bbox 913 843 988 923; x_wconf 94' lang='grc' dir='ltr'><strong><em>ΓΖ,</em></strong></span> <span class='ocrx_word' id='word_1_66' title='bbox 1021 835 1098 906; x_wconf 81' lang='grc' dir='ltr'><strong><em>ἀλλ’</em></strong></span> 
     </span>
     <span class='ocr_line' id='line_1_8' title="bbox 82 940 1101 1032; baseline -0.003 -18"><span class='ocrx_word' id='word_1_67' title='bbox 82 942 127 1026; x_wconf 85' lang='grc' dir='ltr'><strong><em>ῶς</em></strong></span> <span class='ocrx_word' id='word_1_68' title='bbox 153 942 174 1032; x_wconf 77' lang='grc' dir='ltr'><em>ἡ</em></span> <span class='ocrx_word' id='word_1_69' title='bbox 204 950 274 1013; x_wconf 92' lang='grc' dir='ltr'><strong><em>ΔΓ</em></strong></span> <span class='ocrx_word' id='word_1_70' title='bbox 297 942 380 1027; x_wconf 84' lang='grc' dir='ltr'><strong><em>πρὸς</em></strong></span> <span class='ocrx_word' id='word_1_71' title='bbox 406 943 472 1030; x_wconf 73' lang='grc' dir='ltr'><strong><em>τὴν</em></strong></span> <span class='ocrx_word' id='word_1_72' title='bbox 500 949 577 1028; x_wconf 87' lang='grc' dir='ltr'><strong><em>ΓΕ,</em></strong></span> <span class='ocrx_word' id='word_1_73' title='bbox 607 942 713 1023; x_wconf 80' lang='grc' dir='ltr'><strong><em>οὕτως</em></strong></span> <span class='ocrx_word' id='word_1_74' title='bbox 739 940 760 1030; x_wconf 75' lang='grc' dir='ltr'><em>ἡ</em></span> <span class='ocrx_word' id='word_1_75' title='bbox 790 950 821 1010; x_wconf 88' lang='lat' dir='ltr'><em>A</em></span> <span class='ocrx_word' id='word_1_76' title='bbox 847 940 930 1026; x_wconf 81' lang='grc' dir='ltr'><strong><em>πρὸς</em></strong></span> <span class='ocrx_word' id='word_1_77' title='bbox 956 941 1020 1030; x_wconf 79' lang='grc' dir='ltr'><strong><em>τὴν</em></strong></span> <span class='ocrx_word' id='word_1_78' title='bbox 1050 951 1101 1031; x_wconf 88' lang='grc' dir='ltr'><strong><em>Μ,</em></strong></span> 
     </span>
     <span class='ocr_line' id='line_1_9' title="bbox 80 1035 1102 1140; baseline 0.002 -23"><span class='ocrx_word' id='word_1_79' title='bbox 80 1051 137 1118; x_wconf 80' lang='grc' dir='ltr'><strong><em>καὶ</em></strong></span> <span class='ocrx_word' id='word_1_80' title='bbox 155 1051 201 1130; x_wconf 86' lang='grc' dir='ltr'><strong><em>ῶς</em></strong></span> <span class='ocrx_word' id='word_1_81' title='bbox 219 1049 319 1140; x_wconf 76' lang='grc' dir='ltr'><strong><em>ῶραὴ</em></strong></span> <span class='ocrx_word' id='word_1_82' title='bbox 336 1057 367 1117; x_wconf 92' lang='lat' dir='ltr'><em>A</em></span> <span class='ocrx_word' id='word_1_83' title='bbox 382 1047 466 1138; x_wconf 80' lang='grc' dir='ltr'><strong><em>πρὸς</em></strong></span> <span class='ocrx_word' id='word_1_84' title='bbox 479 1049 543 1136; x_wconf 78' lang='grc' dir='ltr'><strong><em>τὴν</em></strong></span> <span class='ocrx_word' id='word_1_85' title='bbox 557 1058 605 1137; x_wconf 88' lang='grc' dir='ltr'><strong><em>Μ,</em></strong></span> <span class='ocrx_word' id='word_1_86' title='bbox 625 1049 731 1129; x_wconf 77' lang='grc' dir='ltr'><strong><em>οὕτως</em></strong></span> <span class='ocrx_word' id='word_1_87' title='bbox 749 1049 786 1118; x_wconf 81' lang='grc' dir='ltr'><strong><em>τὸ</em></strong></span> <span class='ocrx_word' id='word_1_88' title='bbox 799 1035 869 1117; x_wconf 55' lang='grc' dir='ltr'><strong><em>ΤΘ</em></strong></span> <span class='ocrx_word' id='word_1_89' title='bbox 889 1050 1102 1136; x_wconf 82' lang='grc' dir='ltr'><strong><em>παραλληλό-</em></strong></span> 
     </span>
     <span class='ocr_line' id='line_1_10' title="bbox 81 1146 1103 1246; baseline 0.001 -22"><span class='ocrx_word' id='word_1_90' title='bbox 81 1183 235 1246; x_wconf 89' lang='grc' dir='ltr'><strong><em>γραμμον</em></strong></span> <span class='ocrx_word' id='word_1_91' title='bbox 262 1154 346 1242; x_wconf 81' lang='grc' dir='ltr'><strong><em>πρὸς</em></strong></span> <span class='ocrx_word' id='word_1_92' title='bbox 372 1154 411 1224; x_wconf 86' lang='grc' dir='ltr'><strong><em>τὸ</em></strong></span> <span class='ocrx_word' id='word_1_93' title='bbox 440 1163 501 1225; x_wconf 94' lang='grc' dir='ltr'><strong><em>ΓΖ</em></strong></span> <span class='ocrx_word' id='word_1_94' title='bbox 529 1155 885 1245; x_wconf 83' lang='grc' dir='ltr'><strong><em>παραλληλόγραμμον.</em></strong></span> <span class='ocrx_word' id='word_1_95' title='bbox 935 1154 1005 1223; x_wconf 79' lang='grc' dir='ltr'><strong><em>ἐπεὶ</em></strong></span> <span class='ocrx_word' id='word_1_96' title='bbox 1036 1146 1103 1225; x_wconf 78' lang='grc' dir='ltr'><strong><em>οὖν</em></strong></span> 
     </span>
    </p>

    <p class='ocr_par' dir='ltr' id='par_1_4' title="bbox 29 1259 1104 1777">
     <span class='ocr_line' id='line_1_11' title="bbox 29 1259 1103 1351; baseline -0.005 -16"><span class='ocrx_word' id='word_1_97' title='bbox 29 1287 63 1335; x_wconf 91' lang='lat'><strong><em>10</em></strong></span> <span class='ocrx_word' id='word_1_98' title='bbox 82 1266 230 1351; x_wconf 76' lang='grc' dir='ltr'><em>ἐδείχθη,</em></span> <span class='ocrx_word' id='word_1_99' title='bbox 249 1259 294 1342; x_wconf 80' lang='grc' dir='ltr'><strong><em>ῶς</em></strong></span> <span class='ocrx_word' id='word_1_100' title='bbox 312 1261 373 1349; x_wconf 72' lang='grc' dir='ltr'><strong><em>μὲν</em></strong></span> <span class='ocrx_word' id='word_1_101' title='bbox 392 1259 413 1348; x_wconf 76' lang='grc' dir='ltr'><em>ἡ</em></span> <span class='ocrx_word' id='word_1_102' title='bbox 433 1269 468 1330; x_wconf 94' lang='grc' dir='ltr'><strong><em>Κ</em></strong></span> <span class='ocrx_word' id='word_1_103' title='bbox 485 1260 568 1350; x_wconf 81' lang='grc' dir='ltr'><strong><em>πρὸς</em></strong></span> <span class='ocrx_word' id='word_1_104' title='bbox 585 1261 647 1350; x_wconf 82' lang='grc' dir='ltr'><strong><em>τὴν</em></strong></span> <span class='ocrx_word' id='word_1_105' title='bbox 663 1269 704 1349; x_wconf 93' lang='lat' dir='ltr'><em>A,</em></span> <span class='ocrx_word' id='word_1_106' title='bbox 723 1260 829 1342; x_wconf 79' lang='grc' dir='ltr'><strong><em>οὕτως</em></strong></span> <span class='ocrx_word' id='word_1_107' title='bbox 841 1261 878 1330; x_wconf 84' lang='grc' dir='ltr'><strong><em>τὸ</em></strong></span> <span class='ocrx_word' id='word_1_108' title='bbox 894 1267 963 1329; x_wconf 92' lang='lat' dir='ltr'><em>AF</em></span> <span class='ocrx_word' id='word_1_109' title='bbox 973 1271 1103 1350; x_wconf 90' lang='grc' dir='ltr'><strong><em>παραλ-</em></strong></span> 
     </span>
     <span class='ocr_line' id='line_1_12' title="bbox 81 1366 1102 1458; baseline -0.001 -19"><span class='ocrx_word' id='word_1_110' title='bbox 81 1372 320 1457; x_wconf 83' lang='grc' dir='ltr'><strong><em>ληλόγραμμον</em></strong></span> <span class='ocrx_word' id='word_1_111' title='bbox 339 1366 423 1455; x_wconf 75' lang='grc' dir='ltr'><strong><em>πρὸς</em></strong></span> <span class='ocrx_word' id='word_1_112' title='bbox 441 1368 479 1437; x_wconf 85' lang='grc' dir='ltr'><strong><em>τὸ</em></strong></span> <span class='ocrx_word' id='word_1_113' title='bbox 498 1375 560 1437; x_wconf 80' lang='grc' dir='ltr'><strong><em>ΓΘ</em></strong></span> <span class='ocrx_word' id='word_1_114' title='bbox 578 1368 937 1458; x_wconf 86' lang='grc' dir='ltr'><strong><em>παραλληλόγραμμον,</em></strong></span> <span class='ocrx_word' id='word_1_115' title='bbox 957 1366 1001 1450; x_wconf 79' lang='grc' dir='ltr'><strong><em>ῶς</em></strong></span> <span class='ocrx_word' id='word_1_116' title='bbox 1021 1367 1102 1456; x_wconf 75' lang='grc' dir='ltr'><strong><em>ὃὲὴ</em></strong></span> 
     </span>
     <span class='ocr_line' id='line_1_13' title="bbox 81 1473 1104 1566; baseline 0.001 -22"><span class='ocrx_word' id='word_1_117' title='bbox 81 1483 113 1544; x_wconf 92' lang='lat' dir='ltr'><em>A</em></span> <span class='ocrx_word' id='word_1_118' title='bbox 133 1474 217 1562; x_wconf 85' lang='grc' dir='ltr'><strong><em>πρὸς</em></strong></span> <span class='ocrx_word' id='word_1_119' title='bbox 234 1473 297 1562; x_wconf 81' lang='grc' dir='ltr'><strong><em>τὴν</em></strong></span> <span class='ocrx_word' id='word_1_120' title='bbox 315 1484 364 1561; x_wconf 91' lang='grc' dir='ltr'><strong><em>Μ,</em></strong></span> <span class='ocrx_word' id='word_1_121' title='bbox 386 1473 494 1557; x_wconf 77' lang='grc' dir='ltr'><strong><em>οὕτως</em></strong></span> <span class='ocrx_word' id='word_1_122' title='bbox 511 1475 549 1544; x_wconf 87' lang='grc' dir='ltr'><strong><em>τὸ</em></strong></span> <span class='ocrx_word' id='word_1_123' title='bbox 569 1483 631 1545; x_wconf 79' lang='grc' dir='ltr'><strong><em>ΓΘ</em></strong></span> <span class='ocrx_word' id='word_1_124' title='bbox 649 1475 996 1565; x_wconf 80' lang='grc' dir='ltr'><strong><em>παραλληλόγραμμον</em></strong></span> <span class='ocrx_word' id='word_1_125' title='bbox 1016 1475 1104 1566; x_wconf 81' lang='grc' dir='ltr'><strong><em>πρὸς</em></strong></span> 
     </span>
     <span class='ocr_line' id='line_1_14' title="bbox 81 1580 1103 1673; baseline 0.002 -23"><span class='ocrx_word' id='word_1_126' title='bbox 81 1582 119 1650; x_wconf 82' lang='grc' dir='ltr'><strong><em>τὸ</em></strong></span> <span class='ocrx_word' id='word_1_127' title='bbox 149 1589 213 1651; x_wconf 66' lang='grc' dir='ltr'><strong><em>ΓΖ·</em></strong></span> <span class='ocrx_word' id='word_1_128' title='bbox 237 1583 601 1673; x_wconf 82' lang='grc' dir='ltr'><strong><em>παραλληλόγραμμον,</em></strong></span> <span class='ocrx_word' id='word_1_129' title='bbox 632 1580 674 1651; x_wconf 71' lang='grc' dir='ltr'><strong><em>δι’·</em></strong></span> <span class='ocrx_word' id='word_1_130' title='bbox 707 1591 782 1651; x_wconf 80' lang='grc' dir='ltr'><strong><em>ἴσον</em></strong></span> <span class='ocrx_word' id='word_1_131' title='bbox 806 1581 871 1670; x_wconf 71' lang='grc' dir='ltr'><strong><em>ἄρα</em></strong></span> <span class='ocrx_word' id='word_1_132' title='bbox 894 1583 985 1650; x_wconf 81' lang='grc' dir='ltr'><strong><em>ἐστὶν</em></strong></span> <span class='ocrx_word' id='word_1_133' title='bbox 1009 1580 1103 1670; x_wconf 79' lang='grc' dir='ltr'><strong><em>ῶςὴ</em></strong></span> 
     </span>
     <span class='ocr_line' id='line_1_15' title="bbox 83 1688 1104 1777; baseline 0.001 -20"><span class='ocrx_word' id='word_1_134' title='bbox 83 1696 118 1757; x_wconf 89' lang='grc' dir='ltr'><strong><em>Κ</em></strong></span> <span class='ocrx_word' id='word_1_135' title='bbox 134 1689 218 1777; x_wconf 83' lang='grc' dir='ltr'><strong><em>πρὸς</em></strong></span> <span class='ocrx_word' id='word_1_136' title='bbox 235 1689 299 1776; x_wconf 74' lang='grc' dir='ltr'><strong><em>τὴν</em></strong></span> <span class='ocrx_word' id='word_1_137' title='bbox 319 1698 368 1775; x_wconf 93' lang='grc' dir='ltr'><strong><em>Μ,</em></strong></span> <span class='ocrx_word' id='word_1_138' title='bbox 390 1691 496 1770; x_wconf 78' lang='grc' dir='ltr'><strong><em>οὕτως</em></strong></span> <span class='ocrx_word' id='word_1_139' title='bbox 515 1689 552 1758; x_wconf 80' lang='grc' dir='ltr'><strong><em>τὸ</em></strong></span> <span class='ocrx_word' id='word_1_140' title='bbox 571 1695 642 1758; x_wconf 87' lang='lat' dir='ltr'><em>AF</em></span> <span class='ocrx_word' id='word_1_141' title='bbox 656 1688 738 1776; x_wconf 85' lang='grc' dir='ltr'><strong><em>πρὸς</em></strong></span> <span class='ocrx_word' id='word_1_142' title='bbox 755 1688 793 1757; x_wconf 88' lang='grc' dir='ltr'><strong><em>τὸ</em></strong></span> <span class='ocrx_word' id='word_1_143' title='bbox 813 1695 873 1757; x_wconf 88' lang='grc' dir='ltr'><strong><em>ΓΖ</em></strong></span> <span class='ocrx_word' id='word_1_144' title='bbox 891 1689 1104 1776; x_wconf 81' lang='grc' dir='ltr'><strong><em>παραλληλό-</em></strong></span> 
     </span>
    </p>

    <p class='ocr_par' dir='ltr' id='par_1_5' title="bbox 30 1794 1106 2095">
     <span class='ocr_line' id='line_1_16' title="bbox 30 1794 1105 1885; baseline -0.002 -21"><span class='ocrx_word' id='word_1_145' title='bbox 30 1825 63 1874; x_wconf 83' lang='lat'><strong><em>15</em></strong></span> <span class='ocrx_word' id='word_1_146' title='bbox 83 1823 248 1885; x_wconf 89' lang='grc' dir='ltr'><strong><em>γραμμον.</em></strong></span> <span class='ocrx_word' id='word_1_147' title='bbox 293 1794 313 1883; x_wconf 77' lang='grc' dir='ltr'><em>ἡ</em></span> <span class='ocrx_word' id='word_1_148' title='bbox 334 1797 372 1865; x_wconf 73' lang='grc' dir='ltr'><strong><em>δὲ</em></strong></span> <span class='ocrx_word' id='word_1_149' title='bbox 390 1804 425 1865; x_wconf 99' lang='grc' dir='ltr'><strong><em>Κ</em></strong></span> <span class='ocrx_word' id='word_1_150' title='bbox 445 1796 528 1884; x_wconf 82' lang='grc' dir='ltr'><strong><em>πρὸς</em></strong></span> <span class='ocrx_word' id='word_1_151' title='bbox 546 1795 607 1883; x_wconf 77' lang='grc' dir='ltr'><strong><em>τὴν</em></strong></span> <span class='ocrx_word' id='word_1_152' title='bbox 626 1804 671 1863; x_wconf 93' lang='grc' dir='ltr'><em>Μ</em></span> <span class='ocrx_word' id='word_1_153' title='bbox 684 1795 787 1882; x_wconf 91' lang='grc' dir='ltr'><strong><em>λόγου</em></strong></span> <span class='ocrx_word' id='word_1_154' title='bbox 807 1794 949 1882; x_wconf 80' lang='grc' dir='ltr'><strong><em>ἔχειτὸν</em></strong></span> <span class='ocrx_word' id='word_1_155' title='bbox 969 1802 1105 1882; x_wconf 84' lang='grc' dir='ltr'><strong><em>συγκεί-</em></strong></span> 
     </span>
     <span class='ocr_line' id='line_1_17' title="bbox 84 1899 1106 1992; baseline -0.001 -20"><span class='ocrx_word' id='word_1_156' title='bbox 84 1930 187 1992; x_wconf 83' lang='grc' dir='ltr'><strong><em>μενον</em></strong></span> <span class='ocrx_word' id='word_1_157' title='bbox 211 1906 246 1972; x_wconf 77' lang='grc' dir='ltr'><strong><em>ἐκ</em></strong></span> <span class='ocrx_word' id='word_1_158' title='bbox 268 1908 337 1972; x_wconf 88' lang='grc' dir='ltr'><strong><em>τῶν</em></strong></span> <span class='ocrx_word' id='word_1_159' title='bbox 360 1906 526 1989; x_wconf 76' lang='grc' dir='ltr'><strong><em>πλευρῶν·</em></strong></span> <span class='ocrx_word' id='word_1_160' title='bbox 554 1902 670 1971; x_wconf 81' lang='grc' dir='ltr'><strong><em>καὶτὸ</em></strong></span> <span class='ocrx_word' id='word_1_161' title='bbox 694 1909 763 1971; x_wconf 94' lang='lat' dir='ltr'><em>AF</em></span> <span class='ocrx_word' id='word_1_162' title='bbox 782 1899 847 1991; x_wconf 82' lang='grc' dir='ltr'><strong><em>ῶρα</em></strong></span> <span class='ocrx_word' id='word_1_163' title='bbox 871 1901 953 1991; x_wconf 82' lang='grc' dir='ltr'><strong><em>πρὸς</em></strong></span> <span class='ocrx_word' id='word_1_164' title='bbox 975 1901 1013 1970; x_wconf 80' lang='grc' dir='ltr'><strong><em>τὸ</em></strong></span> <span class='ocrx_word' id='word_1_165' title='bbox 1041 1909 1106 1972; x_wconf 90' lang='grc' dir='ltr'><strong><em>ΓΖ</em></strong></span> 
     </span>
     <span class='ocr_line' id='line_1_18' title="bbox 84 2010 946 2095; baseline 0.001 -19"><span class='ocrx_word' id='word_1_166' title='bbox 84 2010 188 2095; x_wconf 88' lang='grc' dir='ltr'><strong><em>λόγον</em></strong></span> <span class='ocrx_word' id='word_1_167' title='bbox 221 2013 287 2095; x_wconf 78' lang='grc' dir='ltr'><strong><em>ἔχει</em></strong></span> <span class='ocrx_word' id='word_1_168' title='bbox 309 2033 369 2076; x_wconf 82' lang='grc' dir='ltr'><strong><em>τον</em></strong></span> <span class='ocrx_word' id='word_1_169' title='bbox 394 2013 612 2094; x_wconf 70' lang='grc' dir='ltr'><strong><em>συγκείμενον</em></strong></span> <span class='ocrx_word' id='word_1_170' title='bbox 636 2011 671 2076; x_wconf 81' lang='grc' dir='ltr'><strong><em>ἐκ</em></strong></span> <span class='ocrx_word' id='word_1_171' title='bbox 693 2013 762 2077; x_wconf 82' lang='grc' dir='ltr'><strong><em>τῶν</em></strong></span> <span class='ocrx_word' id='word_1_172' title='bbox 785 2013 946 2095; x_wconf 78' lang='grc' dir='ltr'><strong><em>πλευρῶν.</em></strong></span> 
     </span>
    </p>

    <p class='ocr_par' dir='ltr' id='par_1_6' title="bbox 82 2111 1106 2310">
     <span class='ocr_line' id='line_1_19' title="bbox 153 2111 1106 2204; baseline 0.003 -24"><span class='ocrx_word' id='word_1_173' title='bbox 153 2112 202 2181; x_wconf 80' lang='grc' dir='ltr'><strong><em>Τὰ</em></strong></span> <span class='ocrx_word' id='word_1_174' title='bbox 230 2111 296 2201; x_wconf 76' lang='grc' dir='ltr'><strong><em>ἄρα</em></strong></span> <span class='ocrx_word' id='word_1_175' title='bbox 326 2111 490 2198; x_wconf 77' lang='grc' dir='ltr'><strong><em>ἰσογώνια</em></strong></span> <span class='ocrx_word' id='word_1_176' title='bbox 513 2115 843 2204; x_wconf 82' lang='grc' dir='ltr'><strong><em>παραλληλόγραμμα</em></strong></span> <span class='ocrx_word' id='word_1_177' title='bbox 865 2113 949 2204; x_wconf 80' lang='grc' dir='ltr'><strong><em>πρὸς</em></strong></span> <span class='ocrx_word' id='word_1_178' title='bbox 971 2112 1106 2202; x_wconf 73' lang='grc' dir='ltr'><strong><em>ἄλληλα</em></strong></span> 
     </span>
     <span class='ocr_line' id='line_1_20' title="bbox 82 2217 1105 2310; baseline 0.002 -23"><span class='ocrx_word' id='word_1_179' title='bbox 82 2218 187 2306; x_wconf 88' lang='grc' dir='ltr'><strong><em>λόγον</em></strong></span> <span class='ocrx_word' id='word_1_180' title='bbox 215 2223 281 2305; x_wconf 79' lang='grc' dir='ltr'><strong><em>ἔχει</em></strong></span> <span class='ocrx_word' id='word_1_181' title='bbox 307 2217 369 2286; x_wconf 82' lang='grc' dir='ltr'><strong><em>τὸν</em></strong></span> <span class='ocrx_word' id='word_1_182' title='bbox 400 2226 618 2307; x_wconf 77' lang='grc' dir='ltr'><strong><em>συγκείμενον</em></strong></span> <span class='ocrx_word' id='word_1_183' title='bbox 653 2223 687 2288; x_wconf 81' lang='grc' dir='ltr'><strong><em>ἐκ</em></strong></span> <span class='ocrx_word' id='word_1_184' title='bbox 718 2224 787 2288; x_wconf 82' lang='grc' dir='ltr'><strong><em>τῶν</em></strong></span> <span class='ocrx_word' id='word_1_185' title='bbox 817 2224 984 2308; x_wconf 86' lang='grc' dir='ltr'><strong><em>πλευρῶν·</em></strong></span> <span class='ocrx_word' id='word_1_186' title='bbox 1019 2220 1105 2310; x_wconf 80' lang='grc' dir='ltr'><strong><em>ὅπερ</em></strong></span> 
     </span>
    </p>

    <p class='ocr_par' dir='ltr' id='par_1_7' title="bbox 30 2326 1107 2982">
     <span class='ocr_line' id='line_1_21' title="bbox 33 2326 292 2408; baseline 0.012 -15"><span class='ocrx_word' id='word_1_187' title='bbox 33 2353 67 2403; x_wconf 79' lang='lat'><strong><em>20</em></strong></span> <span class='ocrx_word' id='word_1_188' title='bbox 87 2330 154 2393; x_wconf 77' lang='grc' dir='ltr'><strong><em>ἔδει</em></strong></span> <span class='ocrx_word' id='word_1_189' title='bbox 179 2326 292 2408; x_wconf 70' lang='grc' dir='ltr'><strong><em>δεῖξαι.</em></strong></span> 
     </span>
     <span class='ocr_line' id='line_1_22' title="bbox 555 2448 619 2518; baseline 0.016 -1"><span class='ocrx_word' id='word_1_190' title='bbox 555 2448 619 2518; x_wconf 76' lang='grc' dir='ltr'><strong><em>κδ’.</em></strong></span> 
     </span>
     <span class='ocr_line' id='line_1_23' title="bbox 149 2572 1106 2662; baseline -0.001 -19"><span class='ocrx_word' id='word_1_191' title='bbox 149 2573 304 2656; x_wconf 84' lang='grc' dir='ltr'><strong><em>Παντὸς</em></strong></span> <span class='ocrx_word' id='word_1_192' title='bbox 323 2576 741 2662; x_wconf 81' lang='grc' dir='ltr'><strong><em>παραλληλογράμμου</em></strong></span> <span class='ocrx_word' id='word_1_193' title='bbox 759 2573 803 2641; x_wconf 83' lang='grc' dir='ltr'><strong><em>τὰ</em></strong></span> <span class='ocrx_word' id='word_1_194' title='bbox 823 2575 911 2662; x_wconf 81' lang='grc' dir='ltr'><strong><em>περὶ</em></strong></span> <span class='ocrx_word' id='word_1_195' title='bbox 925 2572 996 2661; x_wconf 82' lang='grc' dir='ltr'><strong><em>τὴν</em></strong></span> <span class='ocrx_word' id='word_1_196' title='bbox 1017 2573 1106 2642; x_wconf 79' lang='grc' dir='ltr'><strong><em>διολ-</em></strong></span> 
     </span>
     <span class='ocr_line' id='line_1_24' title="bbox 83 2677 1106 2772; baseline -0.002 -22"><span class='ocrx_word' id='word_1_197' title='bbox 83 2707 228 2771; x_wconf 81' lang='grc' dir='ltr'><strong><em>μεπρον</em></strong></span> <span class='ocrx_word' id='word_1_198' title='bbox 265 2680 659 2769; x_wconf 84' lang='grc' dir='ltr'><strong><em>παραλληλόγραμμα</em></strong></span> <span class='ocrx_word' id='word_1_199' title='bbox 696 2677 813 2768; x_wconf 80' lang='grc' dir='ltr'><strong><em>ὅμοιά</em></strong></span> <span class='ocrx_word' id='word_1_200' title='bbox 851 2683 932 2749; x_wconf 81' lang='grc' dir='ltr'><strong><em>ἐστι</em></strong></span> <span class='ocrx_word' id='word_1_201' title='bbox 973 2684 1025 2772; x_wconf 76' lang='grc' dir='ltr'><strong><em>τῷ</em></strong></span> <span class='ocrx_word' id='word_1_202' title='bbox 1064 2707 1106 2748; x_wconf 85' lang='grc' dir='ltr'><strong><em>τε</em></strong></span> 
     </span>
     <span class='ocr_line' id='line_1_25' title="bbox 85 2786 470 2884; baseline 0 -30"><span class='ocrx_word' id='word_1_203' title='bbox 85 2786 162 2884; x_wconf 73' lang='grc' dir='ltr'><strong><em>ῶλῳ</em></strong></span> <span class='ocrx_word' id='word_1_204' title='bbox 186 2789 251 2855; x_wconf 81' lang='grc' dir='ltr'><strong><em>καὶ</em></strong></span> <span class='ocrx_word' id='word_1_205' title='bbox 274 2787 470 2874; x_wconf 74' lang='grc' dir='ltr'><strong><em>ἀλλήλοις.</em></strong></span> 
     </span>
     <span class='ocr_line' id='line_1_26' title="bbox 30 2890 1107 2982; baseline 0.002 -22"><span class='ocrx_word' id='word_1_206' title='bbox 30 2924 64 2977; x_wconf 75' lang='lat'><strong><em>25</em></strong></span> <span class='ocrx_word' id='word_1_207' title='bbox 142 2890 251 2961; x_wconf 82' lang='grc' dir='ltr'><strong><em>Ἔστω</em></strong></span> <span class='ocrx_word' id='word_1_208' title='bbox 274 2892 625 2982; x_wconf 83' lang='grc' dir='ltr'><strong><em>παραλληλόγραμμον</em></strong></span> <span class='ocrx_word' id='word_1_209' title='bbox 643 2893 680 2962; x_wconf 82' lang='grc' dir='ltr'><strong><em>τὸ</em></strong></span> <span class='ocrx_word' id='word_1_210' title='bbox 701 2899 849 2978; x_wconf 87' lang='grc' dir='ltr'><em>ΑΒΓΔ,</em></span> <span class='ocrx_word' id='word_1_211' title='bbox 868 2891 1048 2980; x_wconf 77' lang='grc' dir='ltr'><strong><em>διάμετρος</em></strong></span> <span class='ocrx_word' id='word_1_212' title='bbox 1067 2893 1107 2962; x_wconf 69' lang='grc' dir='ltr'><strong><em>δὲ</em></strong></span> 
     </span>
    </p>

    <p class='ocr_par' dir='ltr' id='par_1_8' title="bbox 34 2996 1106 3303">
     <span class='ocr_line' id='line_1_27' title="bbox 86 2996 1105 3087; baseline 0.002 -21"><span class='ocrx_word' id='word_1_213' title='bbox 86 2996 191 3067; x_wconf 81' lang='grc' dir='ltr'><strong><em>αὐτοῦ</em></strong></span> <span class='ocrx_word' id='word_1_214' title='bbox 209 2996 230 3085; x_wconf 75' lang='grc' dir='ltr'><em>ἡ</em></span> <span class='ocrx_word' id='word_1_215' title='bbox 250 3005 325 3085; x_wconf 91' lang='lat' dir='ltr'><em>AF,</em></span> <span class='ocrx_word' id='word_1_216' title='bbox 348 2999 423 3086; x_wconf 80' lang='grc' dir='ltr'><strong><em>περὶ</em></strong></span> <span class='ocrx_word' id='word_1_217' title='bbox 443 2998 481 3067; x_wconf 70' lang='grc' dir='ltr'><strong><em>δὲ</em></strong></span> <span class='ocrx_word' id='word_1_218' title='bbox 498 2997 561 3086; x_wconf 80' lang='grc' dir='ltr'><strong><em>τὴν</em></strong></span> <span class='ocrx_word' id='word_1_219' title='bbox 578 3006 649 3068; x_wconf 88' lang='lat' dir='ltr'><em>AF</em></span> <span class='ocrx_word' id='word_1_220' title='bbox 664 2996 992 3087; x_wconf 83' lang='grc' dir='ltr'><strong><em>παραλληλόγραμμα</em></strong></span> <span class='ocrx_word' id='word_1_221' title='bbox 1016 3003 1105 3068; x_wconf 82' lang='grc' dir='ltr'><strong><em>ἔστω</em></strong></span> 
     </span>
     <span class='ocr_line' id='line_1_28' title="bbox 34 3103 1106 3195; baseline 0.001 -24"><span class='ocrx_word' id='word_1_222' title='bbox 34 3186 37 3191; x_wconf 27' lang='grc' dir='ltr'>Ι</span> <span class='ocrx_word' id='word_1_223' title='bbox 84 3103 126 3171; x_wconf 73' lang='grc' dir='ltr'><strong><em>τὰ</em></strong></span> <span class='ocrx_word' id='word_1_224' title='bbox 140 3110 220 3191; x_wconf 90' lang='grc' dir='ltr'><strong><em>ΕΗ,</em></strong></span> <span class='ocrx_word' id='word_1_225' title='bbox 235 3112 313 3173; x_wconf 81' lang='grc' dir='ltr'><strong><em>ΘΚ·</em></strong></span> <span class='ocrx_word' id='word_1_226' title='bbox 328 3106 424 3193; x_wconf 81' lang='grc' dir='ltr'><strong><em>λέγω,</em></strong></span> <span class='ocrx_word' id='word_1_227' title='bbox 440 3105 492 3173; x_wconf 82' lang='grc' dir='ltr'><strong><em>ὅτι</em></strong></span> <span class='ocrx_word' id='word_1_228' title='bbox 508 3106 664 3195; x_wconf 78' lang='grc' dir='ltr'><strong><em>ἑκάτερον</em></strong></span> <span class='ocrx_word' id='word_1_229' title='bbox 678 3109 746 3175; x_wconf 82' lang='grc' dir='ltr'><strong><em>τῶν</em></strong></span> <span class='ocrx_word' id='word_1_230' title='bbox 760 3111 839 3190; x_wconf 90' lang='grc' dir='ltr'><strong><em>ΕΗ,</em></strong></span> <span class='ocrx_word' id='word_1_231' title='bbox 854 3109 922 3171; x_wconf 82' lang='grc' dir='ltr'><strong><em>ΘΚ</em></strong></span> <span class='ocrx_word' id='word_1_232' title='bbox 932 3112 1106 3192; x_wconf 81' lang='grc' dir='ltr'><strong><em>παραλλη-</em></strong></span> 
     </span>
     <span class='ocr_line' id='line_1_29' title="bbox 48 3207 1106 3303; baseline 0.002 -24"><span class='ocrx_word' id='word_1_233' title='bbox 48 3292 54 3301; x_wconf 36' lang='lat'>·</span> <span class='ocrx_word' id='word_1_234' title='bbox 84 3208 289 3301; x_wconf 80' lang='grc' dir='ltr'><strong><em>λογρῶμμων</em></strong></span> <span class='ocrx_word' id='word_1_235' title='bbox 307 3207 433 3299; x_wconf 76' lang='grc' dir='ltr'><strong><em>Ιὅμοιόν</em></strong></span> <span class='ocrx_word' id='word_1_236' title='bbox 456 3213 525 3279; x_wconf 80' lang='grc' dir='ltr'><strong><em>ἐστι</em></strong></span> <span class='ocrx_word' id='word_1_237' title='bbox 549 3210 615 3303; x_wconf 77' lang='grc' dir='ltr'><strong><em>ὅλῳ</em></strong></span> <span class='ocrx_word' id='word_1_238' title='bbox 639 3215 684 3303; x_wconf 77' lang='grc' dir='ltr'><strong><em>τῷ</em></strong></span> <span class='ocrx_word' id='word_1_239' title='bbox 703 3216 837 3280; x_wconf 87' lang='grc' dir='ltr'><em>ΑΒΓΔ</em></span> <span class='ocrx_word' id='word_1_240' title='bbox 859 3210 915 3279; x_wconf 80' lang='grc' dir='ltr'><strong><em>καὶ</em></strong></span> <span class='ocrx_word' id='word_1_241' title='bbox 934 3209 1106 3297; x_wconf 78' lang='grc' dir='ltr'><strong><em>ἀλλήλοις.</em></strong></span> 
     </span>
    </p>
   </div>
   <div class='ocr_carea' id='block_1_3' title="bbox 72 3384 1089 3567">
    <p class='ocr_par' dir='ltr' id='par_1_9' title="bbox 72 3384 1089 3567">
     <span class='ocr_line' id='line_1_30' title="bbox 156 3384 1088 3495; baseline 0.001 -15"><span class='ocrx_word' id='word_1_242' title='bbox 156 3432 181 3480; x_wconf 90' lang='lat'><strong><em>1.</em></strong></span> <span class='ocrx_word' id='word_1_243' title='bbox 198 3419 252 3483; x_wconf 63' lang='grc' dir='ltr'><strong><em>πε</em></strong></span> <span class='ocrx_word' id='word_1_244' title='bbox 288 3423 412 3480; x_wconf 63' lang='lat' dir='ltr'><strong><em>nm.</em></strong></span> <span class='ocrx_word' id='word_1_245' title='bbox 504 3384 935 3495; x_wconf 56' lang='lat' dir='ltr'><strong><em>§.mmmmm</em></strong></span> <span class='ocrx_word' id='word_1_246' title='bbox 1028 3427 1088 3481; x_wconf 76' lang='grc' dir='ltr'><strong><em>Γο</em></strong></span> 
     </span>
     <span class='ocr_line' id='line_1_31' title="bbox 72 3488 1089 3567; baseline 0 -16"><span class='ocrx_word' id='word_1_247' title='bbox 72 3494 229 3555; x_wconf 57' lang='lat' dir='ltr'><strong><em>mahtin</em></strong></span> <span class='ocrx_word' id='word_1_248' title='bbox 278 3495 358 3552; x_wconf 87' lang='grc' dir='ltr'><strong><em>ΗΒ.</em></strong></span> <span class='ocrx_word' id='word_1_249' title='bbox 435 3501 460 3551; x_wconf 83' lang='grc'><strong><em>3.</em></strong></span> <span class='ocrx_word' id='word_1_250' title='bbox 478 3488 515 3567; x_wconf 73' lang='grc' dir='ltr'><strong><em>ἡ]</em></strong></span> <span class='ocrx_word' id='word_1_251' title='bbox 536 3511 589 3551; x_wconf 84' lang='lat' dir='ltr'><strong><em>om.</em></strong></span> <span class='ocrx_word' id='word_1_252' title='bbox 608 3513 637 3566; x_wconf 75' lang='grc' dir='ltr'><strong><em>ρ.</em></strong></span> <span class='ocrx_word' id='word_1_253' title='bbox 712 3489 779 3566; x_wconf 64' lang='lat' dir='ltr'><strong><em>triv]</em></strong></span> <span class='ocrx_word' id='word_1_254' title='bbox 794 3511 848 3550; x_wconf 85' lang='lat' dir='ltr'><strong><em>om.</em></strong></span> <span class='ocrx_word' id='word_1_255' title='bbox 867 3494 949 3565; x_wconf 79' lang='lat' dir='ltr'><strong><em>BFp.</em></strong></span> <span class='ocrx_word' id='word_1_256' title='bbox 1024 3498 1089 3551; x_wconf 87' lang='grc' dir='ltr'><strong><em>ΓΗ</em></strong></span> 
     </span>
    </p>
   </div>
   <div class='ocr_carea' id='block_1_4' title="bbox 0 0 1185 3818">
    <p class='ocr_par' dir='ltr' id='par_1_10' title="bbox 0 0 1185 3818">
     <span class='ocr_line' id='line_1_32' title="bbox 0 0 1185 3818; baseline 0 0"><span class='ocrx_word' id='word_1_257' title='bbox 0 0 1185 3818; x_wconf 95' lang='lat' dir='ltr'><strong><em> </em></strong></span> 
     </span>
    </p>
   </div>
  </div>
 </body>
</html>
