2348 3818
339 118 614 171 numantinum
632 120 741 171 LIBER
759 121 791 175 V.
1065 118 1086 183 9

144 258 216 325 Sint
251 260 411 344 quotlibet
448 261 690 347 magnitudines
722 266 801 345 ΑΒ,
825 266 895 328 ΓΔ
928 263 1091 348 quotlibet

638 369 899 454 magnitudinum
925 374 966 452 E,
985 373 1013 433 Z
1031 392 1089 435 nu·

84 438 618 561 A,-.,H-..,31*1—-i-—-:A
636 497 725 541 mero
760 476 944 560 aequalium
979 475 1089 562 singu·

634 583 685 646 lae
736 582 938 669 singularum
987 604 1089 667 aeque

634 688 837 773 multiplices.
870 689 952 773 dico,
961 689 1089 774 quoties

71 795 247 878 multiplex
267 795 311 860 sit
333 799 399 860 AB
423 795 657 879 magnitudinis
681 801 725 879 E,
753 796 853 861 toties
876 795 1089 880 multiplicem

72 922 146 966 esse
170 904 236 966 AB
252 904 292 982 -Ι-
309 904 376 966 ΓΔ
399 902 636 987 magnitudinis
659 906 691 967 Ε
705 905 745 984 -Ι-
762 906 798 966 Ζ.
1012 893 1020 904 ’

106 1031 111 1039 ·
140 1029 219 1072 nam
243 1006 398 1091 quoniam
420 1011 487 1072 AB
510 1007 745 1092 magnitudinis
768 1012 801 1072 Ε
822 1010 854 1072 et
877 1009 945 1071 ΓΔ
964 1007 1089 1093 magni·

70 1113 197 1178 tudinis
222 1117 249 1177 Z
272 1119 373 1197 aeque
404 1113 600 1198 multiplices
628 1119 718 1197 sunt,
750 1119 829 1198 quot
858 1121 935 1179 sunt
963 1115 997 1178 in
1020 1117 1088 1179 AB

65 1218 315 1304 'magnitudines
338 1218 555 1304 magnitudini
579 1223 611 1282 E
632 1220 797 1303 aequales,
825 1220 961 1285 totidem
985 1221 1085 1284 etiam

74 1326 112 1390 in
135 1327 203 1389 ΓΔ
226 1328 303 1389 sunt
330 1324 547 1410 magnitudini
573 1328 600 1388 Z
628 1326 787 1408 aequales.
834 1326 998 1391 diuidatur
1021 1330 1087 1391 AB

72 1432 110 1495 in
125 1431 366 1515 magnitudines
381 1431 598 1517 magnitudini
607 1435 639 1493 Ε
647 1431 798 1514 aequales
809 1435 890 1513 AH,
900 1436 968 1497 ΗΒ
979 1435 1012 1497 et
1021 1435 1088 1497 ΓΔ

75 1537 112 1601 in
145 1536 386 1622 magnitudines
419 1536 639 1622 magnitudini
674 1541 701 1599 Z
735 1538 884 1621 aequales
912 1540 984 1620 ΓΘ,
1012 1542 1088 1602 ΘΔ.

73 652 193 704 Εῑ--ι
327 653 468 704 Ζι-ι

73 1643 185 1727 itaque
230 1663 382 1707 numerus
427 1640 689 1726 magnitudinum
730 1645 816 1723 ΑΗ,
840 1645 908 1706 ΗΒ
953 1664 1088 1707 numero

73 1747 336 1833 magnitudinum
372 1750 445 1838 ΓΘ,
459 1751 527 1810 ΘΔ
565 1744 711 1828 aequalis
748 1747 818 1809 erit.
869 1749 902 1809 et
934 1748 1087 1830 quoniam

75 1855 511 1935 AH=Eetro=z,
536 1851 1006 1934 eritAH=EetAH-l-
1029 1856 1089 1917 ΓΘ

74 1990 119 2012 =
139 1964 172 2024 Ε
188 1961 228 2040 -Ι-
250 1963 285 2022 Ζ.
323 1957 435 2023 eadem
457 1957 495 2021 de
524 1979 621 2022 causa
644 1960 945 2023 HB=EetHB
962 1962 1002 2041 -l-
1018 1964 1086 2025 ΘΔ

76 2095 120 2118 =
134 2068 166 2129 Ε
180 2069 221 2140 -Ι-
237 2069 273 2129 Ζ.
307 2065 418 2148 itaque
434 2067 513 2148 quot
533 2067 611 2129 sunt
630 2064 666 2127 in
676 2068 741 2129 AB
761 2064 1002 2148 magnitudines
1021 2090 1088 2132 ma-

76 2171 238 2256 gnitudini
257 2174 287 2234 Ε
299 2170 457 2254 aequales,
476 2170 610 2236 totidem
625 2170 724 2234 etiam
739 2172 816 2234 sunt
832 2170 867 2234 in
881 2175 914 2234 A
920 2175 947 2235 Β
964 2175 1004 2254 -l-
1020 2175 1088 2237 ΓΔ

72 2277 293 2362 magnitudini
321 2281 353 2340 Ε
366 2278 451 2357 -Ι-Ζ
481 2277 639 2360 aequales.
683 2277 793 2360 itaque
822 2279 948 2360 quoties
979 2278 1088 2344 multi·
1122 2356 1129 2376 ι

73 2387 148 2469 plex
179 2388 229 2449 est
257 2386 323 2448 AB
351 2382 585 2467 magnitudinis
617 2387 661 2464 Ε,
692 2382 790 2446 toties
819 2384 990 2469 multiplex
1022 2386 1087 2450 erit

75 2492 176 2556 etiam
200 2493 265 2554 AB
282 2491 322 2570 -Ι-
339 2491 406 2553 ΓΔ
429 2488 663 2574 magnitudinis
687 2493 719 2552 E
732 2491 772 2570 -l-
789 2495 825 2553 Z.

141 2595 232 2681 Ergo
247 2595 275 2659 si
289 2596 384 2660 datae
404 2597 481 2659 sunt
496 2595 658 2678 quotlibet
671 2595 912 2679 magnitudines
927 2597 1088 2680 quotlibet

72 2702 336 2788 magnitudinum
359 2722 494 2766 numero
514 2700 700 2785 aequalium
719 2700 865 2784 singulae
885 2702 1088 2786 singularum

73 2830 175 2892 aeque
190 2807 397 2891 multiplices,
415 2807 541 2890 quoties
556 2806 728 2889 multiplex
742 2809 793 2871 est
811 2828 876 2870 una
894 2808 1085 2893 magnitudo

72 2916 187 2999 unius,
209 2914 307 2978 toties
331 2913 431 2977 etiam
454 2933 566 2977 omnes
591 2913 735 2978 omnium
759 2916 855 2977 erunt
877 2915 1088 3001 multiplices;

75 3020 163 3105 quod
187 3022 258 3084 erat
281 3018 578 3084 demonstrandum.

560 3160 602 3224 Il.

142 3266 177 3333 Si
200 3269 306 3352 prima
335 3268 493 3332 secundae
517 3271 550 3330 et
577 3267 675 3331 tertia
699 3269 833 3349 quartae
858 3287 957 3349 aeque
980 3266 1088 3330 multi·
1144 3340 1149 3345 ,

74 3411 122 3464 ἴσα
138 3404 195 3476 ἄρα
210 3403 307 3460 καὶτὰ
323 3410 387 3472 ΗΒ,
404 3407 459 3459 ΘΔ
473 3404 700 3461 neeessarianon
715 3406 766 3458 est.
822 3409 864 3458 21.
880 3398 938 3457 ἐστι
952 3404 985 3457 V.
1044 3403 1087 3454 26.

75 3477 212 3551 δευτέρον
232 3497 254 3546 φ
274 3477 342 3546 (non
360 3477 402 3546 F).
1031 3564 1034 3569 Ι
1051 3504 1108 3592 Ι
