2348 3818
103 149 171 214 400
484 151 686 204 ΣΤΟΙΧΕΙΩΝ
702 147 748 204 δ’.

106 287 123 358 6
149 294 181 358 Γ
200 291 356 377 περισσός
379 294 481 360 ἐστιν·
511 289 626 379 ἄρτιος
653 289 719 379 ἄρα
748 291 839 359 ἐστὶν
867 288 885 359 6
910 298 947 363 Γ.
995 289 1084 360 ὥστε
1109 289 1128 360 ὁ

106 404 138 462 A
164 395 225 464 τὸν
255 404 283 465 Β
316 410 429 485 μετρεῖ
459 394 619 485 ἀρτιάκις.
670 395 726 464 διὰ
765 394 807 483 δή
839 400 940 464 τοῦτο
973 396 1033 463 καὶ
1066 396 1129 465 τὸν

105 500 230 589 ήμισνν
255 500 361 571 αὐτοῦ
384 502 554 590 μετρήσει·
579 500 660 591 ὅπερ
684 507 753 571 ἔδει
776 503 890 583 δεῖξαι.

579 695 643 765 λα’.

72 837 88 886 ο
171 818 259 888 Ἐδιν
288 819 476 910 περισσὸς
504 818 677 909 ἀριθμὸς
704 822 801 906 πρός
827 846 919 888 τινα
943 817 1132 907 ἀριθμὸν

104 930 256 1013 πρῶτος
273 917 311 1015 ᾖ,
334 925 399 994 καὶ
417 924 513 1012 πρὸς
531 925 599 994 τὸν
619 929 859 994 διπλασίονα
879 921 1003 993 αὐτοῦ
1024 931 1133 1012 πρῶ·

104 1057 170 1112 τος
192 1036 311 1102 ἔσται.

172 1138 341 1228 Περισσὸς
371 1137 436 1226 γὰρ
470 1135 616 1228 ἀριθμὸς
645 1135 663 1207 6
690 1148 724 1206 A
749 1138 834 1225 πρός
861 1163 937 1206 τινα
970 1134 1130 1225 ἀριθμὸν

107 1243 168 1313 τὸν
191 1252 220 1311 Β
242 1250 374 1334 πρῶτος
397 1249 494 1330 ἔστω,
519 1248 580 1311 τοῦ
604 1243 642 1312 δὲ
665 1251 694 1311 Β
718 1247 904 1312 διπλασίων
928 1248 1016 1312 ἔστω
1043 1241 1062 1311 6
1088 1249 1130 1311 Γ

55 1381 88 1429 10
105 1352 206 1437 λέγω,
231 1349 282 1418 ὅτι
306 1347 324 1419 6
349 1359 381 1417 A
405 1350 487 1435 [καὶ]
511 1350 596 1438 πρὸς
617 1348 678 1418 τὸν
701 1355 734 1417 Γ
752 1348 884 1437 πρῶτός
906 1351 1011 1418 ἐστιν.

104 1516 107 1521 .
173 1459 218 1523 Εἰ
242 1453 307 1542 γὰρ
336 1458 380 1543 μή
404 1463 490 1524 εἰσιν
516 1458 565 1540 [ολ
586 1463 632 1540 A,
651 1459 697 1540 Γ]
725 1459 866 1543 πρῶτοι,
895 1453 1056 1541 μετρήσει
1080 1481 1130 1534 τις

106 1557 230 1641 αὐτοὺς
252 1558 407 1650 ἀριθμός.
452 1566 625 1649 μετρείτω,
648 1560 705 1627 καὶ
728 1565 811 1628 ἔστω
836 1558 854 1628 6
878 1568 920 1629 A.
956 1567 1021 1628 καί
1037 1563 1129 1630 ἐστιν

107 1664 125 1734 6
153 1676 186 1735 A
217 1666 386 1756 περισσός·
418 1663 575 1756 περισσὸς
603 1665 670 1753 ἄρα
696 1667 753 1733 καὶ
782 1663 799 1734 6
830 1673 871 1735 A.
916 1666 973 1733 καὶ
1006 1665 1079 1734 ἐπεὶ
1111 1663 1129 1734 6

107 1782 141 1838 A
163 1772 320 1861 περισσὸς
344 1768 393 1839 ὢν
415 1771 477 1840 τὸν
501 1779 533 1840 Γ
551 1785 677 1859 μετρεῖ,
704 1776 764 1838 καί
784 1772 875 1839 ἐστιν
899 1769 917 1839 6
941 1777 972 1839 Γ
1001 1770 1128 1860 ἄρτιος,

56 1901 88 1950 1ο
108 1878 164 1947 καὶ
191 1877 252 1946 τὸν
281 1878 405 1963 ήμισνν
434 1876 500 1965 ἄρα
523 1882 583 1945 τοῦ
607 1883 640 1944 Γ
662 1875 817 1964 μετρήσει
841 1874 873 1961 [ὁ
898 1882 955 1960 Δ].
1002 1881 1066 1945 τοῦ
1092 1877 1128 1945 δὲ

108 1991 140 2052 Γ
158 1983 262 2071 ήμισύ
287 1985 377 2051 ἐστιν
402 1980 420 2051 6
444 1991 486 2050 Β·
511 1980 528 2051 6
553 1992 588 2050 A
610 1981 677 2070 ἄρα
699 1980 760 2050 τὸν
790 1990 818 2049 Β
847 1995 966 2070 μετρεῖ.
1015 1996 1129 2073 μετρεῖ

109 2089 146 2157 δὲ
167 2091 224 2156 καὶ
247 2087 307 2157 τὸν
336 2098 376 2157 A.
420 2086 438 2156 6
463 2097 497 2155 A
520 2087 585 2176 ἄρα
608 2087 686 2168 τοὺς
710 2096 804 2173 Α,Β
835 2101 949 2175 μετρεῖ
967 2088 1126 2175 πρώτους

108 2197 208 2275 ὄντας
226 2192 309 2282 πρὸς
328 2193 506 2280 ἀλλήλους·
531 2192 612 2279 ὅπερ
636 2193 727 2261 ἐστὶν
750 2191 931 2261 ἀδύνατον.
971 2191 1037 2261 οὐκ
1060 2192 1128 2281 ἄρα

109 2297 127 2367 6
153 2310 184 2368 A
215 2299 299 2388 πρὸς
325 2299 386 2369 τὸν
413 2307 446 2368 Γ
473 2305 602 2389 πρῶτος
633 2299 696 2368 οὔκ
723 2301 822 2367 ἐστιν.
866 2303 900 2367 ολ
925 2308 973 2385 A,
1000 2306 1033 2366 Γ
1062 2297 1129 2387 ἄρα

55 2439 90 2489 20
108 2411 234 2495 πρῶτον
256 2411 340 2496 πρὸς
362 2406 528 2494 ἀλλήλους
550 2411 650 2474 εἰσίν·
674 2405 756 2492 ὅπερ
780 2408 847 2472 ἔδει
872 2407 986 2485 δεῖξαι.

585 2599 649 2686 ιμ’.

179 2728 264 2792 Τῶν
283 2722 357 2792 ἀπὸ
379 2723 527 2803 δύαδος
546 2721 917 2807 διπλασιαζομένων
938 2718 1127 2810 ἆριθμων

110 2831 270 2909 ἕκαστος
294 2828 473 2916 ἀρτιάκις
497 2826 634 2917 ἄρτιός
657 2829 739 2894 ἐστι
762 2825 896 2912 μόνον.

172 2933 249 3002 Ἀπδ
277 2938 341 3022 γὰρ
370 2934 495 3014 δύαδος
522 2938 581 3021 τῆς
608 2943 640 3000 A
669 2932 1009 3000 δεδιπλασιάσθωσαν
1033 2930 1127 3001 ὁσοι-

182 3135 205 3182 1.
225 3123 299 3183 ἐστὶν
320 3124 334 3184 6
356 3129 394 3200 Γ]
414 3125 429 3182 6
451 3130 530 3195 PV,
551 3124 627 3183 ἐστίν
644 3128 674 3182 Γ.
766 3133 791 3180 2.
810 3126 913 3180 τοῦτον
932 3146 962 3195 φ.
1056 3125 1125 3197 τόν]

109 3197 141 3254 τό
160 3200 190 3256 Ρ.
254 3207 279 3254 3.
298 3195 383 3268 ήμισν
402 3199 460 3254 PF.
524 3194 594 3270 ὅπερ
613 3198 674 3253 ἔδει
691 3198 805 3268 δεῖξαι]
824 3215 861 3252 111.
881 3203 897 3250 2
916 3197 951 3264 V,
970 3212 1025 3251 om.
1040 3197 1125 3266 BFq.

111 3278 136 3325 6.
155 3267 302 3325 διπλάσιον
321 3270 382 3325 BV.
443 3277 467 3324 9.
487 3266 632 3332 διπλάσιος
650 3269 707 3336 Vq.
773 3274 814 3322 10.
833 3268 898 3337 καί]
919 3283 973 3322 om.
994 3267 1025 3321 P.
1086 3275 1125 3323 11.

110 3339 190 3411 ολΑ,
211 3342 251 3413 Γ]
271 3358 355 3409 supra
373 3343 495 3395 m.1P.
578 3335 1069 3408 11,καίὲστιν-13;ὁΔ]ωρ.
1089 3357 1124 3393 m.

109 3414 178 3470 2V.
245 3419 287 3468 12.
307 3411 382 3467 ἐστιν
426 3409 492 3467 ἐπεί
511 3408 586 3467 ἐστιν
610 3413 648 3478 Γς
673 3409 741 3464 ἔστω
761 3428 790 3478 q.
845 3415 887 3464 13.
905 3407 1038 3478 περισσὸς
1058 3407 1125 3480 ἄρα]

100 3482 180 3541 ἔστιν
199 3481 258 3560 ἄρα
278 3484 463 3559 περισσοςδ.
536 3488 580 3538 11).
595 3478 733 3553 ἧριοοῐδ.
802 3476 955 3551 6A10m.
975 3479 1006 3535 P.
1084 3487 1125 3536 16.
