<?xml version="1.0" encoding="UTF-8"?>
<!DOCTYPE html PUBLIC "-//W3C//DTD XHTML 1.0 Transitional//EN"
    "http://www.w3.org/TR/xhtml1/DTD/xhtml1-transitional.dtd">
<html xmlns="http://www.w3.org/1999/xhtml" xml:lang="en" lang="en">
 <head>
  <title>
</title>
<meta http-equiv="Content-Type" content="text/html;charset=utf-8" />
  <meta name='ocr-system' content='tesseract 3.04.00' />
  <meta name='ocr-capabilities' content='ocr_page ocr_carea ocr_par ocr_line ocrx_word'/>
</head>
<body>
  <div class='ocr_page' id='page_1' title='image "./euclidisoperaom15unkngoog_0363.png"; bbox 0 0 2348 3818; ppageno 0'>
   <div class='ocr_carea' id='block_1_1' title="bbox 72 726 1123 1422">
    <p class='ocr_par' dir='ltr' id='par_1_1' title="bbox 585 726 639 960">
     <span class='ocr_line' id='line_1_1' title="bbox 585 726 639 799; baseline 0 0"><span class='ocrx_word' id='word_1_1' title='bbox 585 726 639 799; x_wconf 77' lang='grc' dir='ltr'><strong><em>θ’.</em></strong></span> 
     </span>
     <span class='ocr_line' id='line_1_2' title="bbox 591 892 635 960; baseline 0 0"><span class='ocrx_word' id='word_1_2' title='bbox 591 892 635 960; x_wconf 84' lang='grc' dir='ltr'><strong><em>α’.</em></strong></span> 
     </span>
    </p>

    <p class='ocr_par' dir='ltr' id='par_1_2' title="bbox 106 1013 1123 1316">
     <span class='ocr_line' id='line_1_3' title="bbox 169 1013 1123 1106; baseline -0.006 -19"><span class='ocrx_word' id='word_1_3' title='bbox 169 1018 257 1087; x_wconf 83' lang='grc' dir='ltr'><strong><em>Ἐὰν</em></strong></span> <span class='ocrx_word' id='word_1_4' title='bbox 290 1019 361 1087; x_wconf 84' lang='lat'><strong><em>660</em></strong></span> <span class='ocrx_word' id='word_1_5' title='bbox 398 1017 532 1106; x_wconf 83' lang='grc' dir='ltr'><strong><em>ὅμοιοι</em></strong></span> <span class='ocrx_word' id='word_1_6' title='bbox 565 1020 748 1086; x_wconf 76' lang='grc' dir='ltr'><strong><em>ἐπίπεδοι</em></strong></span> <span class='ocrx_word' id='word_1_7' title='bbox 778 1013 946 1104; x_wconf 78' lang='grc' dir='ltr'><strong><em>ἀριθμοὶ</em></strong></span> <span class='ocrx_word' id='word_1_8' title='bbox 978 1021 1123 1082; x_wconf 91' lang='grc' dir='ltr'><strong><em>πολλα-</em></strong></span> 
     </span>
     <span class='ocr_line' id='line_1_4' title="bbox 106 1117 1123 1208; baseline -0.006 -15"><span class='ocrx_word' id='word_1_9' title='bbox 106 1124 398 1204; x_wconf 83' lang='grc' dir='ltr'><strong><em>πλασιάσαντες</em></strong></span> <span class='ocrx_word' id='word_1_10' title='bbox 416 1120 614 1208; x_wconf 79' lang='grc' dir='ltr'><strong><em>ἀλλήλους</em></strong></span> <span class='ocrx_word' id='word_1_11' title='bbox 632 1126 779 1191; x_wconf 80' lang='grc' dir='ltr'><strong><em>ποιῶσί</em></strong></span> <span class='ocrx_word' id='word_1_12' title='bbox 798 1146 901 1206; x_wconf 85' lang='grc' dir='ltr'><strong><em>τινα,</em></strong></span> <span class='ocrx_word' id='word_1_13' title='bbox 921 1117 939 1188; x_wconf 96' lang='lat'><em>6</em></span> <span class='ocrx_word' id='word_1_14' title='bbox 959 1119 1123 1207; x_wconf 79' lang='grc' dir='ltr'><strong><em>γενόμε-</em></strong></span> 
     </span>
     <span class='ocr_line' id='line_1_5' title="bbox 107 1231 585 1316; baseline -0.008 -17"><span class='ocrx_word' id='word_1_15' title='bbox 107 1258 176 1310; x_wconf 82' lang='grc' dir='ltr'><strong><em>νος</em></strong></span> <span class='ocrx_word' id='word_1_16' title='bbox 198 1231 445 1316; x_wconf 76' lang='grc' dir='ltr'><strong><em>τετράγωνος</em></strong></span> <span class='ocrx_word' id='word_1_17' title='bbox 470 1234 585 1296; x_wconf 76' lang='grc' dir='ltr'><strong><em>ἔσται.</em></strong></span> 
     </span>
    </p>

    <p class='ocr_par' dir='ltr' id='par_1_3' title="bbox 72 1331 1123 1422">
     <span class='ocr_line' id='line_1_6' title="bbox 72 1331 1123 1422; baseline 0.002 -25"><span class='ocrx_word' id='word_1_18' title='bbox 72 1348 89 1397; x_wconf 79' lang='lat'><strong>5</strong></span> <span class='ocrx_word' id='word_1_19' title='bbox 166 1334 340 1403; x_wconf 79' lang='grc' dir='ltr'><strong><em>Ἔστωσαν</em></strong></span> <span class='ocrx_word' id='word_1_20' title='bbox 373 1333 435 1403; x_wconf 80' lang='grc' dir='ltr'><strong><em>ὃάο</em></strong></span> <span class='ocrx_word' id='word_1_21' title='bbox 467 1332 578 1422; x_wconf 84' lang='grc' dir='ltr'><strong><em>ὅμοιοι</em></strong></span> <span class='ocrx_word' id='word_1_22' title='bbox 607 1337 758 1402; x_wconf 72' lang='grc' dir='ltr'><strong><em>ἐπίπεδοι</em></strong></span> <span class='ocrx_word' id='word_1_23' title='bbox 785 1331 925 1421; x_wconf 77' lang='grc' dir='ltr'><strong><em>ἀριθμοὶ</em></strong></span> <span class='ocrx_word' id='word_1_24' title='bbox 955 1336 991 1400; x_wconf 79' lang='lat' dir='ltr'><strong><em>oc</em></strong></span> <span class='ocrx_word' id='word_1_25' title='bbox 1011 1341 1061 1418; x_wconf 99' lang='lat' dir='ltr'><em>A,</em></span> <span class='ocrx_word' id='word_1_26' title='bbox 1085 1339 1123 1417; x_wconf 87' lang='grc' dir='ltr'><strong><em>Β,</em></strong></span> 
     </span>
    </p>
   </div>
   <div class='ocr_carea' id='block_1_2' title="bbox 108 1437 1123 1636">
    <p class='ocr_par' dir='ltr' id='par_1_4' title="bbox 108 1437 1123 1636">
     <span class='ocr_line' id='line_1_7' title="bbox 108 1437 1123 1526; baseline 0.001 -19"><span class='ocrx_word' id='word_1_27' title='bbox 108 1441 163 1507; x_wconf 82' lang='grc' dir='ltr'><strong><em>καὶ</em></strong></span> <span class='ocrx_word' id='word_1_28' title='bbox 187 1437 205 1508; x_wconf 92' lang='lat'><em>6</em></span> <span class='ocrx_word' id='word_1_29' title='bbox 225 1451 256 1509; x_wconf 93' lang='lat' dir='ltr'><em>A</em></span> <span class='ocrx_word' id='word_1_30' title='bbox 278 1440 339 1509; x_wconf 87' lang='grc' dir='ltr'><strong><em>τὸν</em></strong></span> <span class='ocrx_word' id='word_1_31' title='bbox 357 1449 386 1508; x_wconf 89' lang='grc' dir='ltr'><strong><em>Β</em></strong></span> <span class='ocrx_word' id='word_1_32' title='bbox 410 1440 702 1520; x_wconf 78' lang='grc' dir='ltr'><strong><em>πολλαπλασιάσας</em></strong></span> <span class='ocrx_word' id='word_1_33' title='bbox 724 1437 784 1507; x_wconf 85' lang='grc' dir='ltr'><strong><em>τὸν</em></strong></span> <span class='ocrx_word' id='word_1_34' title='bbox 802 1444 835 1507; x_wconf 91' lang='grc' dir='ltr'><strong><em>Γ</em></strong></span> <span class='ocrx_word' id='word_1_35' title='bbox 853 1443 1001 1506; x_wconf 82' lang='grc' dir='ltr'><strong><em>ποιείτω·</em></strong></span> <span class='ocrx_word' id='word_1_36' title='bbox 1028 1440 1123 1526; x_wconf 77' lang='grc' dir='ltr'><strong><em>λέγω,</em></strong></span> 
     </span>
     <span class='ocr_line' id='line_1_8' title="bbox 109 1544 606 1636; baseline 0.004 -22"><span class='ocrx_word' id='word_1_37' title='bbox 109 1544 158 1615; x_wconf 80' lang='grc' dir='ltr'><strong><em>ὅτι</em></strong></span> <span class='ocrx_word' id='word_1_38' title='bbox 184 1544 202 1615; x_wconf 92' lang='lat'><em>6</em></span> <span class='ocrx_word' id='word_1_39' title='bbox 225 1554 259 1614; x_wconf 93' lang='grc' dir='ltr'><em>Γ</em></span> <span class='ocrx_word' id='word_1_40' title='bbox 276 1546 484 1636; x_wconf 80' lang='grc' dir='ltr'><strong><em>τετράγωνός</em></strong></span> <span class='ocrx_word' id='word_1_41' title='bbox 507 1549 606 1616; x_wconf 74' lang='grc' dir='ltr'><strong><em>ἐστιν.</em></strong></span> 
     </span>
    </p>
   </div>
   <div class='ocr_carea' id='block_1_3' title="bbox 109 1649 1124 1847">
    <p class='ocr_par' dir='ltr' id='par_1_5' title="bbox 109 1649 1124 1847">
     <span class='ocr_line' id='line_1_9' title="bbox 170 1649 1123 1742; baseline -0.001 -23"><span class='ocrx_word' id='word_1_42' title='bbox 170 1651 207 1719; x_wconf 87' lang='grc' dir='ltr'><strong><em>Ὁ</em></strong></span> <span class='ocrx_word' id='word_1_43' title='bbox 233 1651 297 1742; x_wconf 77' lang='grc' dir='ltr'><strong><em>γάρ</em></strong></span> <span class='ocrx_word' id='word_1_44' title='bbox 323 1663 353 1721; x_wconf 89' lang='lat' dir='ltr'><em>A</em></span> <span class='ocrx_word' id='word_1_45' title='bbox 372 1651 492 1722; x_wconf 82' lang='grc' dir='ltr'><strong><em>ἑαυτὸν</em></strong></span> <span class='ocrx_word' id='word_1_46' title='bbox 516 1650 810 1730; x_wconf 79' lang='grc' dir='ltr'><strong><em>πολλαπλασιάσας</em></strong></span> <span class='ocrx_word' id='word_1_47' title='bbox 832 1649 892 1718; x_wconf 84' lang='grc' dir='ltr'><strong><em>τὸν</em></strong></span> <span class='ocrx_word' id='word_1_48' title='bbox 916 1658 950 1718; x_wconf 98' lang='lat' dir='ltr'><em>A</em></span> <span class='ocrx_word' id='word_1_49' title='bbox 978 1657 1123 1720; x_wconf 79' lang='grc' dir='ltr'><strong><em>ποιείτω.</em></strong></span> 
     </span>
     <span class='ocr_line' id='line_1_10' title="bbox 109 1748 1124 1847; baseline -0.003 -21"><span class='ocrx_word' id='word_1_50' title='bbox 109 1755 127 1826; x_wconf 94' lang='lat'><em>6</em></span> <span class='ocrx_word' id='word_1_51' title='bbox 156 1767 190 1827; x_wconf 98' lang='lat' dir='ltr'><em>A</em></span> <span class='ocrx_word' id='word_1_52' title='bbox 219 1757 285 1847; x_wconf 80' lang='grc' dir='ltr'><strong><em>άρα</em></strong></span> <span class='ocrx_word' id='word_1_53' title='bbox 315 1757 522 1847; x_wconf 78' lang='grc' dir='ltr'><strong><em>τετράγωνός</em></strong></span> <span class='ocrx_word' id='word_1_54' title='bbox 552 1760 652 1826; x_wconf 73' lang='grc' dir='ltr'><strong><em>ἐστιν.</em></strong></span> <span class='ocrx_word' id='word_1_55' title='bbox 699 1759 769 1825; x_wconf 74' lang='grc' dir='ltr'><strong><em>ἐπεὶ</em></strong></span> <span class='ocrx_word' id='word_1_56' title='bbox 800 1748 863 1825; x_wconf 82' lang='grc' dir='ltr'><strong><em>οὖν</em></strong></span> <span class='ocrx_word' id='word_1_57' title='bbox 894 1753 912 1824; x_wconf 93' lang='lat'><em>6</em></span> <span class='ocrx_word' id='word_1_58' title='bbox 940 1765 972 1822; x_wconf 91' lang='lat' dir='ltr'><em>A</em></span> <span class='ocrx_word' id='word_1_59' title='bbox 1001 1754 1124 1825; x_wconf 81' lang='grc' dir='ltr'><strong><em>ἑαυτὸν</em></strong></span> 
     </span>
    </p>
   </div>
   <div class='ocr_carea' id='block_1_4' title="bbox 56 1862 1129 3000">
    <p class='ocr_par' dir='ltr' id='par_1_6' title="bbox 56 1862 1129 3000">
     <span class='ocr_line' id='line_1_11' title="bbox 56 1862 1124 1951; baseline -0.006 -16"><span class='ocrx_word' id='word_1_60' title='bbox 56 1887 90 1937; x_wconf 83' lang='grc'><strong><em>10</em></strong></span> <span class='ocrx_word' id='word_1_61' title='bbox 109 1865 170 1951; x_wconf 71' lang='grc' dir='ltr'><strong><em>μὲν</em></strong></span> <span class='ocrx_word' id='word_1_62' title='bbox 194 1865 486 1944; x_wconf 80' lang='grc' dir='ltr'><strong><em>πολλαπλασιάσας</em></strong></span> <span class='ocrx_word' id='word_1_63' title='bbox 508 1864 567 1932; x_wconf 81' lang='grc' dir='ltr'><strong><em>τὸν</em></strong></span> <span class='ocrx_word' id='word_1_64' title='bbox 587 1876 621 1933; x_wconf 96' lang='lat' dir='ltr'><em>A</em></span> <span class='ocrx_word' id='word_1_65' title='bbox 644 1871 833 1950; x_wconf 82' lang='grc' dir='ltr'><strong><em>πεποίηκεν,</em></strong></span> <span class='ocrx_word' id='word_1_66' title='bbox 856 1862 917 1930; x_wconf 84' lang='grc' dir='ltr'><strong><em>τὸν</em></strong></span> <span class='ocrx_word' id='word_1_67' title='bbox 941 1862 980 1930; x_wconf 73' lang='lat'><strong><em>66</em></strong></span> <span class='ocrx_word' id='word_1_68' title='bbox 998 1871 1027 1930; x_wconf 90' lang='grc' dir='ltr'><strong><em>Β</em></strong></span> <span class='ocrx_word' id='word_1_69' title='bbox 1048 1870 1124 1931; x_wconf 88' lang='grc' dir='ltr'><strong><em>πολ·</em></strong></span> 
     </span>
     <span class='ocr_line' id='line_1_12' title="bbox 71 1966 1125 2056; baseline -0.002 -18"><span class='ocrx_word' id='word_1_70' title='bbox 71 1997 73 2002; x_wconf 95' lang='grc'><strong><em>·</em></strong></span> <span class='ocrx_word' id='word_1_71' title='bbox 111 1970 338 2050; x_wconf 88' lang='grc' dir='ltr'><strong><em>λαπλασιάσας</em></strong></span> <span class='ocrx_word' id='word_1_72' title='bbox 369 1969 429 2039; x_wconf 84' lang='grc' dir='ltr'><strong><em>τὸν</em></strong></span> <span class='ocrx_word' id='word_1_73' title='bbox 457 1978 491 2038; x_wconf 93' lang='grc' dir='ltr'><em>Γ</em></span> <span class='ocrx_word' id='word_1_74' title='bbox 517 1977 712 2056; x_wconf 80' lang='grc' dir='ltr'><strong><em>πεποίηκεν,</em></strong></span> <span class='ocrx_word' id='word_1_75' title='bbox 746 1975 836 2037; x_wconf 81' lang='grc' dir='ltr'><strong><em>ἔστιν</em></strong></span> <span class='ocrx_word' id='word_1_76' title='bbox 869 1967 934 2056; x_wconf 79' lang='grc' dir='ltr'><strong><em>άρα</em></strong></span> <span class='ocrx_word' id='word_1_77' title='bbox 967 1966 1013 2048; x_wconf 78' lang='grc' dir='ltr'><strong><em>ὡς</em></strong></span> <span class='ocrx_word' id='word_1_78' title='bbox 1048 1967 1067 2037; x_wconf 91' lang='lat'><em>6</em></span> <span class='ocrx_word' id='word_1_79' title='bbox 1095 1978 1125 2036; x_wconf 89' lang='lat' dir='ltr'><em>A</em></span> 
     </span>
     <span class='ocr_line' id='line_1_13' title="bbox 109 2074 1124 2165; baseline -0.001 -22"><span class='ocrx_word' id='word_1_80' title='bbox 109 2074 193 2161; x_wconf 80' lang='grc' dir='ltr'><strong><em>πρὸς</em></strong></span> <span class='ocrx_word' id='word_1_81' title='bbox 215 2075 275 2143; x_wconf 86' lang='grc' dir='ltr'><strong><em>τὸν</em></strong></span> <span class='ocrx_word' id='word_1_82' title='bbox 294 2084 334 2162; x_wconf 85' lang='grc' dir='ltr'><strong><em>Β,</em></strong></span> <span class='ocrx_word' id='word_1_83' title='bbox 361 2077 467 2156; x_wconf 78' lang='grc' dir='ltr'><strong><em>οὕτως</em></strong></span> <span class='ocrx_word' id='word_1_84' title='bbox 490 2074 508 2144; x_wconf 93' lang='lat'><em>6</em></span> <span class='ocrx_word' id='word_1_85' title='bbox 533 2085 566 2143; x_wconf 95' lang='lat' dir='ltr'><em>A</em></span> <span class='ocrx_word' id='word_1_86' title='bbox 589 2075 675 2165; x_wconf 80' lang='grc' dir='ltr'><strong><em>πρὸς</em></strong></span> <span class='ocrx_word' id='word_1_87' title='bbox 696 2078 758 2144; x_wconf 81' lang='grc' dir='ltr'><strong><em>τὸν</em></strong></span> <span class='ocrx_word' id='word_1_88' title='bbox 779 2083 815 2145; x_wconf 90' lang='grc' dir='ltr'><strong><em>Γ.</em></strong></span> <span class='ocrx_word' id='word_1_89' title='bbox 852 2077 908 2144; x_wconf 80' lang='grc' dir='ltr'><strong><em>καί</em></strong></span> <span class='ocrx_word' id='word_1_90' title='bbox 932 2076 1002 2143; x_wconf 81' lang='grc' dir='ltr'><strong><em>ἐπεὶ</em></strong></span> <span class='ocrx_word' id='word_1_91' title='bbox 1026 2078 1064 2143; x_wconf 89' lang='grc' dir='ltr'><strong><em>οί</em></strong></span> <span class='ocrx_word' id='word_1_92' title='bbox 1083 2084 1124 2159; x_wconf 91' lang='lat' dir='ltr'><em>A,</em></span> 
     </span>
     <span class='ocr_line' id='line_1_14' title="bbox 110 2175 1125 2271; baseline -0.001 -23"><span class='ocrx_word' id='word_1_93' title='bbox 110 2189 139 2248; x_wconf 98' lang='grc' dir='ltr'><strong><em>Β</em></strong></span> <span class='ocrx_word' id='word_1_94' title='bbox 168 2179 280 2266; x_wconf 86' lang='grc' dir='ltr'><strong><em>ὅμοιοι</em></strong></span> <span class='ocrx_word' id='word_1_95' title='bbox 308 2184 461 2249; x_wconf 72' lang='grc' dir='ltr'><strong><em>ἐπίπεδοί</em></strong></span> <span class='ocrx_word' id='word_1_96' title='bbox 481 2188 567 2250; x_wconf 78' lang='grc' dir='ltr'><strong><em>εἰσιν</em></strong></span> <span class='ocrx_word' id='word_1_97' title='bbox 590 2180 747 2271; x_wconf 74' lang='grc' dir='ltr'><strong><em>ἀριθμοί,</em></strong></span> <span class='ocrx_word' id='word_1_98' title='bbox 774 2186 842 2251; x_wconf 79' lang='grc' dir='ltr'><strong><em>τῶν</em></strong></span> <span class='ocrx_word' id='word_1_99' title='bbox 865 2191 913 2267; x_wconf 89' lang='lat' dir='ltr'><em>A,</em></span> <span class='ocrx_word' id='word_1_100' title='bbox 935 2189 964 2248; x_wconf 98' lang='grc' dir='ltr'><strong><em>Β</em></strong></span> <span class='ocrx_word' id='word_1_101' title='bbox 989 2179 1058 2269; x_wconf 78' lang='grc' dir='ltr'><strong><em>ἄρα</em></strong></span> <span class='ocrx_word' id='word_1_102' title='bbox 1081 2175 1125 2258; x_wconf 81' lang='grc' dir='ltr'><strong><em>εἷς</em></strong></span> 
     </span>
     <span class='ocr_line' id='line_1_15' title="bbox 110 2283 1123 2378; baseline 0 -25"><span class='ocrx_word' id='word_1_103' title='bbox 110 2289 209 2373; x_wconf 80' lang='grc' dir='ltr'><strong><em>μέσος</em></strong></span> <span class='ocrx_word' id='word_1_104' title='bbox 232 2285 402 2373; x_wconf 78' lang='grc' dir='ltr'><strong><em>ἀνάλογον</em></strong></span> <span class='ocrx_word' id='word_1_105' title='bbox 426 2291 575 2374; x_wconf 75' lang='grc' dir='ltr'><strong><em>ἐμπίπτει</em></strong></span> <span class='ocrx_word' id='word_1_106' title='bbox 598 2287 752 2378; x_wconf 73' lang='grc' dir='ltr'><strong><em>άριθμός.</em></strong></span> <span class='ocrx_word' id='word_1_107' title='bbox 795 2286 853 2355; x_wconf 81' lang='grc' dir='ltr'><strong><em>ἐὰν</em></strong></span> <span class='ocrx_word' id='word_1_108' title='bbox 878 2287 916 2354; x_wconf 74' lang='lat'><strong><em>66</em></strong></span> <span class='ocrx_word' id='word_1_109' title='bbox 939 2285 1003 2354; x_wconf 72' lang='grc' dir='ltr'><strong><em>δύο</em></strong></span> <span class='ocrx_word' id='word_1_110' title='bbox 1026 2283 1123 2374; x_wconf 54' lang='lat'><em>6966-</em></span> 
     </span>
     <span class='ocr_line' id='line_1_16' title="bbox 57 2391 1124 2482; baseline -0.005 -18"><span class='ocrx_word' id='word_1_111' title='bbox 57 2415 90 2464; x_wconf 80' lang='lat'><strong><em>15</em></strong></span> <span class='ocrx_word' id='word_1_112' title='bbox 110 2397 182 2480; x_wconf 80' lang='grc' dir='ltr'><strong><em>μῶν</em></strong></span> <span class='ocrx_word' id='word_1_113' title='bbox 214 2391 335 2479; x_wconf 81' lang='grc' dir='ltr'><strong><em>μεταξὺ</em></strong></span> <span class='ocrx_word' id='word_1_114' title='bbox 365 2393 447 2462; x_wconf 80' lang='grc' dir='ltr'><strong><em>κατὰ</em></strong></span> <span class='ocrx_word' id='word_1_115' title='bbox 481 2393 518 2461; x_wconf 87' lang='grc' dir='ltr'><strong><em>τὸ</em></strong></span> <span class='ocrx_word' id='word_1_116' title='bbox 552 2395 689 2482; x_wconf 70' lang='grc' dir='ltr'><strong><em>συνεχὲς</em></strong></span> <span class='ocrx_word' id='word_1_117' title='bbox 719 2393 890 2478; x_wconf 79' lang='grc' dir='ltr'><strong><em>ἀνάλογον</em></strong></span> <span class='ocrx_word' id='word_1_118' title='bbox 920 2395 1124 2480; x_wconf 78' lang='grc' dir='ltr'><strong><em>ἐμπίπτωσιν</em></strong></span> 
     </span>
     <span class='ocr_line' id='line_1_17' title="bbox 79 2497 1126 2594; baseline -0.001 -27"><span class='ocrx_word' id='word_1_119' title='bbox 79 2589 81 2594; x_wconf 23' lang='grc' dir='ltr'>Ι</span> <span class='ocrx_word' id='word_1_120' title='bbox 110 2497 262 2588; x_wconf 69' lang='grc' dir='ltr'><strong><em>ἀριθμοί,</em></strong></span> <span class='ocrx_word' id='word_1_121' title='bbox 287 2497 361 2569; x_wconf 82' lang='grc' dir='ltr'><strong><em>ὅσοι</em></strong></span> <span class='ocrx_word' id='word_1_122' title='bbox 385 2505 432 2580; x_wconf 81' lang='grc' dir='ltr'><strong><em>είς</em></strong></span> <span class='ocrx_word' id='word_1_123' title='bbox 451 2497 574 2580; x_wconf 82' lang='grc' dir='ltr'><strong><em>αὐτοὺς</em></strong></span> <span class='ocrx_word' id='word_1_124' title='bbox 594 2504 805 2586; x_wconf 79' lang='grc' dir='ltr'><strong><em>ἐμπίπτουσι,</em></strong></span> <span class='ocrx_word' id='word_1_125' title='bbox 827 2502 985 2566; x_wconf 86' lang='grc' dir='ltr'><strong><em>τοσοῦτοι</em></strong></span> <span class='ocrx_word' id='word_1_126' title='bbox 1003 2498 1061 2564; x_wconf 83' lang='grc' dir='ltr'><strong><em>καὶ</em></strong></span> <span class='ocrx_word' id='word_1_127' title='bbox 1081 2503 1126 2578; x_wconf 83' lang='grc' dir='ltr'><strong><em>είς</em></strong></span> 
     </span>
     <span class='ocr_line' id='line_1_18' title="bbox 107 2603 1129 2692; baseline 0 -20"><span class='ocrx_word' id='word_1_128' title='bbox 107 2604 187 2684; x_wconf 85' lang='grc' dir='ltr'><strong><em>τοὺς</em></strong></span> <span class='ocrx_word' id='word_1_129' title='bbox 209 2605 269 2672; x_wconf 84' lang='grc' dir='ltr'><strong><em>τὸν</em></strong></span> <span class='ocrx_word' id='word_1_130' title='bbox 294 2604 398 2673; x_wconf 82' lang='grc' dir='ltr'><strong><em>αὐτὸν</em></strong></span> <span class='ocrx_word' id='word_1_131' title='bbox 422 2603 526 2690; x_wconf 78' lang='grc' dir='ltr'><strong><em>λόγον</em></strong></span> <span class='ocrx_word' id='word_1_132' title='bbox 549 2610 696 2692; x_wconf 79' lang='grc' dir='ltr'><strong><em>ἔχοντας·</em></strong></span> <span class='ocrx_word' id='word_1_133' title='bbox 743 2603 905 2672; x_wconf 70' lang='grc' dir='ltr'><strong><em>ὥστεκαὶ</em></strong></span> <span class='ocrx_word' id='word_1_134' title='bbox 928 2607 999 2672; x_wconf 77' lang='grc' dir='ltr'><strong><em>τῶν</em></strong></span> <span class='ocrx_word' id='word_1_135' title='bbox 1024 2613 1074 2691; x_wconf 92' lang='lat' dir='ltr'><em>A,</em></span> <span class='ocrx_word' id='word_1_136' title='bbox 1099 2609 1129 2672; x_wconf 92' lang='grc' dir='ltr'><strong><em>Γ</em></strong></span> 
     </span>
     <span class='ocr_line' id='line_1_19' title="bbox 110 2706 1126 2805; baseline 0 -28"><span class='ocrx_word' id='word_1_137' title='bbox 110 2706 157 2790; x_wconf 79' lang='grc' dir='ltr'><strong><em>εἷς</em></strong></span> <span class='ocrx_word' id='word_1_138' title='bbox 189 2712 287 2797; x_wconf 81' lang='grc' dir='ltr'><strong><em>μέσος</em></strong></span> <span class='ocrx_word' id='word_1_139' title='bbox 309 2708 489 2805; x_wconf 21' lang='grc' dir='ltr'><strong><em>,ἀνάλογον</em></strong></span> <span class='ocrx_word' id='word_1_140' title='bbox 519 2712 667 2795; x_wconf 80' lang='grc' dir='ltr'><strong><em>ἐμπίπτει</em></strong></span> <span class='ocrx_word' id='word_1_141' title='bbox 698 2708 853 2799; x_wconf 73' lang='grc' dir='ltr'><strong><em>ἀριθμός.</em></strong></span> <span class='ocrx_word' id='word_1_142' title='bbox 893 2713 952 2775; x_wconf 84' lang='grc' dir='ltr'><strong><em>καί</em></strong></span> <span class='ocrx_word' id='word_1_143' title='bbox 979 2711 1049 2777; x_wconf 81' lang='grc' dir='ltr'><strong><em>ἐστι</em></strong></span> <span class='ocrx_word' id='word_1_144' title='bbox 1077 2736 1126 2777; x_wconf 83' lang='grc' dir='ltr'><strong><em>τε·</em></strong></span> 
     </span>
     <span class='ocr_line' id='line_1_20' title="bbox 109 2811 1125 2903; baseline -0.001 -20"><span class='ocrx_word' id='word_1_145' title='bbox 109 2816 279 2902; x_wconf 79' lang='grc' dir='ltr'><strong><em>τράγωνος</em></strong></span> <span class='ocrx_word' id='word_1_146' title='bbox 303 2811 320 2881; x_wconf 96' lang='lat'><em>6</em></span> <span class='ocrx_word' id='word_1_147' title='bbox 346 2823 390 2880; x_wconf 92' lang='lat' dir='ltr'><strong><em>A·</em></strong></span> <span class='ocrx_word' id='word_1_148' title='bbox 431 2814 638 2903; x_wconf 81' lang='grc' dir='ltr'><strong><em>τετράγωνος</em></strong></span> <span class='ocrx_word' id='word_1_149' title='bbox 661 2813 728 2903; x_wconf 80' lang='grc' dir='ltr'><strong><em>άρα</em></strong></span> <span class='ocrx_word' id='word_1_150' title='bbox 751 2815 806 2882; x_wconf 80' lang='grc' dir='ltr'><strong><em>καί</em></strong></span> <span class='ocrx_word' id='word_1_151' title='bbox 830 2811 848 2882; x_wconf 92' lang='lat'><em>6</em></span> <span class='ocrx_word' id='word_1_152' title='bbox 872 2820 912 2880; x_wconf 88' lang='grc' dir='ltr'><strong><em>Γ·</em></strong></span> <span class='ocrx_word' id='word_1_153' title='bbox 950 2812 1033 2903; x_wconf 80' lang='grc' dir='ltr'><strong><em>ὅπερ</em></strong></span> <span class='ocrx_word' id='word_1_154' title='bbox 1058 2820 1125 2884; x_wconf 75' lang='grc' dir='ltr'><strong><em>ἔδει</em></strong></span> 
     </span>
     <span class='ocr_line' id='line_1_21' title="bbox 58 2923 226 3000; baseline -0.05 -7"><span class='ocrx_word' id='word_1_155' title='bbox 58 2944 93 2993; x_wconf 77' lang='lat'><strong><em>20</em></strong></span> <span class='ocrx_word' id='word_1_156' title='bbox 112 2923 226 3000; x_wconf 76' lang='grc' dir='ltr'><strong><em>δείξαι.</em></strong></span> 
     </span>
    </p>
   </div>
   <div class='ocr_carea' id='block_1_5' title="bbox 65 3094 1126 3496">
    <p class='ocr_par' dir='ltr' id='par_1_7' title="bbox 112 3094 1126 3382">
     <span class='ocr_line' id='line_1_22' title="bbox 181 3094 1126 3184; baseline 0.001 -33"><span class='ocrx_word' id='word_1_157' title='bbox 181 3094 234 3169; x_wconf 73' lang='grc' dir='ltr'><strong><em>θ’]</em></strong></span> <span class='ocrx_word' id='word_1_158' title='bbox 259 3115 327 3152; x_wconf 81' lang='lat' dir='ltr'>corr.</span> <span class='ocrx_word' id='word_1_159' title='bbox 353 3116 426 3168; x_wconf 68' lang='lat' dir='ltr'><strong><em>exn</em></strong></span> <span class='ocrx_word' id='word_1_160' title='bbox 433 3096 491 3153; x_wconf 89' lang='lat' dir='ltr'><strong><em>&#39;.V</em></strong></span> <span class='ocrx_word' id='word_1_161' title='bbox 530 3099 598 3153; x_wconf 78' lang='lat' dir='ltr'>Post</span> <span class='ocrx_word' id='word_1_162' title='bbox 622 3098 750 3165; x_wconf 73' lang='lat' dir='ltr'><strong><em>titulum,</em></strong></span> <span class='ocrx_word' id='word_1_163' title='bbox 774 3099 839 3152; x_wconf 73' lang='lat' dir='ltr'>ante</span> <span class='ocrx_word' id='word_1_164' title='bbox 841 3115 940 3184; x_wconf 86' lang='lat' dir='ltr'>prop</span> <span class='ocrx_word' id='word_1_165' title='bbox 961 3097 1021 3151; x_wconf 89' lang='lat' dir='ltr'><strong><em>Iin</em></strong></span> <span class='ocrx_word' id='word_1_166' title='bbox 1046 3099 1126 3152; x_wconf 71' lang='lat' dir='ltr'><strong>textu</strong></span> 
     </span>
     <span class='ocr_line' id='line_1_23' title="bbox 114 3140 1125 3295; baseline 0.001 -72"><span class='ocrx_word' id='word_1_167' title='bbox 114 3168 251 3223; x_wconf 82' lang='lat' dir='ltr'><strong>scholium</strong></span> <span class='ocrx_word' id='word_1_168' title='bbox 269 3169 461 3238; x_wconf 62' lang='lat' dir='ltr'><strong><em>habenth,</em></strong></span> <span class='ocrx_word' id='word_1_169' title='bbox 480 3189 506 3224; x_wconf 90' lang='lat' dir='ltr'><strong><em>u.</em></strong></span> <span class='ocrx_word' id='word_1_170' title='bbox 525 3187 590 3252; x_wconf 82' lang='lat' dir='ltr'><strong><em>app</em></strong></span> <span class='ocrx_word' id='word_1_171' title='bbox 683 3176 706 3224; x_wconf 78' lang='lat'><strong><em>9.</em></strong></span> <span class='ocrx_word' id='word_1_172' title='bbox 732 3140 795 3224; x_wconf 76' lang='grc' dir='ltr'><strong><em>ἐπεὶ</em></strong></span> <span class='ocrx_word' id='word_1_173' title='bbox 793 3160 893 3295; x_wconf 42' lang='grc' dir='ltr'><strong><em>οὖνὸ]</em></strong></span> <span class='ocrx_word' id='word_1_174' title='bbox 912 3168 962 3223; x_wconf 79' lang='grc' dir='ltr'><strong><em>καὶ</em></strong></span> <span class='ocrx_word' id='word_1_175' title='bbox 981 3163 1050 3223; x_wconf 74' lang='grc' dir='ltr'><strong><em>ἐπεί</em></strong></span> <span class='ocrx_word' id='word_1_176' title='bbox 1064 3169 1125 3236; x_wconf 60' lang='lat' dir='ltr'><strong><em>Vm.</em></strong></span> 
     </span>
     <span class='ocr_line' id='line_1_24' title="bbox 115 3239 1125 3328; baseline -0.001 -34"><span class='ocrx_word' id='word_1_177' title='bbox 115 3246 156 3295; x_wconf 89' lang='lat'><strong><em>10.</em></strong></span> <span class='ocrx_word' id='word_1_178' title='bbox 176 3240 244 3311; x_wconf 82' lang='grc' dir='ltr'><strong><em>μέν]</em></strong></span> <span class='ocrx_word' id='word_1_179' title='bbox 265 3257 318 3295; x_wconf 90' lang='lat' dir='ltr'><strong><em>om</em></strong></span> <span class='ocrx_word' id='word_1_180' title='bbox 338 3239 369 3293; x_wconf 91' lang='lat' dir='ltr'><strong><em>B.</em></strong></span> <span class='ocrx_word' id='word_1_181' title='bbox 461 3239 531 3311; x_wconf 94' lang='lat' dir='ltr'><em>A]</em></span> <span class='ocrx_word' id='word_1_182' title='bbox 522 3259 552 3294; x_wconf 90' lang='lat' dir='ltr'><strong><em>1n</em></strong></span> <span class='ocrx_word' id='word_1_183' title='bbox 570 3258 623 3296; x_wconf 75' lang='lat' dir='ltr'><strong><em>ras</em></strong></span> <span class='ocrx_word' id='word_1_184' title='bbox 643 3240 673 3295; x_wconf 88' lang='lat' dir='ltr'><strong><em>P.</em></strong></span> <span class='ocrx_word' id='word_1_185' title='bbox 710 3241 847 3328; x_wconf 80' lang='grc' dir='ltr'><strong><em>πεποίηκε</em></strong></span> <span class='ocrx_word' id='word_1_186' title='bbox 899 3259 928 3308; x_wconf 86' lang='grc' dir='ltr'><strong><em>φ.</em></strong></span> <span class='ocrx_word' id='word_1_187' title='bbox 1023 3239 1125 3309; x_wconf 65' lang='lat'>141²]</span> 
     </span>
     <span class='ocr_line' id='line_1_25' title="bbox 112 3306 1123 3397; baseline 0 -33"><span class='ocrx_word' id='word_1_188' title='bbox 112 3311 254 3366; x_wconf 80' lang='lat' dir='ltr'>inras.P.</span> <span class='ocrx_word' id='word_1_189' title='bbox 312 3317 353 3364; x_wconf 88' lang='lat'><strong><em>14.</em></strong></span> <span class='ocrx_word' id='word_1_190' title='bbox 373 3309 574 3397; x_wconf 75' lang='lat' dir='ltr'><em>66]supram.</em></span> <span class='ocrx_word' id='word_1_191' title='bbox 589 3311 653 3365; x_wconf 74' lang='lat' dir='ltr'><strong><em>2V.</em></strong></span> <span class='ocrx_word' id='word_1_192' title='bbox 692 3306 796 3380; x_wconf 69' lang='grc' dir='ltr'><strong><em>μεταξὺ</em></strong></span> <span class='ocrx_word' id='word_1_193' title='bbox 816 3306 1024 3380; x_wconf 59' lang='grc' dir='ltr'><strong><em>άριθμῶνλίφ.</em></strong></span> <span class='ocrx_word' id='word_1_194' title='bbox 1083 3315 1123 3364; x_wconf 86' lang='grc'><strong><em>16.</em></strong></span> 
     </span>
    </p>

    <p class='ocr_par' dir='ltr' id='par_1_8' title="bbox 65 3374 1124 3496">
     <span class='ocr_line' id='line_1_26' title="bbox 65 3374 1124 3496; baseline -0.002 -61"><span class='ocrx_word' id='word_1_195' title='bbox 65 3374 287 3496; x_wconf 68' lang='grc' dir='ltr'><strong><em>Ιάριθμοί,</em></strong></span> <span class='ocrx_word' id='word_1_196' title='bbox 271 3398 333 3436; x_wconf 89' lang='grc' dir='ltr'><strong><em>οσοι</em></strong></span> <span class='ocrx_word' id='word_1_197' title='bbox 357 3380 397 3446; x_wconf 84' lang='grc' dir='ltr'><strong><em>είς</em></strong></span> <span class='ocrx_word' id='word_1_198' title='bbox 422 3376 526 3444; x_wconf 77' lang='grc' dir='ltr'><strong><em>αὐτοὺς</em></strong></span> <span class='ocrx_word' id='word_1_199' title='bbox 550 3378 737 3452; x_wconf 50' lang='lat' dir='ltr'><strong><em>&amp;animvm</em></strong></span> <span class='ocrx_word' id='word_1_200' title='bbox 764 3399 821 3449; x_wconf 81' lang='lat' dir='ltr'><strong><em>mg.</em></strong></span> <span class='ocrx_word' id='word_1_201' title='bbox 844 3399 881 3436; x_wconf 90' lang='lat' dir='ltr'><strong><em>m.</em></strong></span> <span class='ocrx_word' id='word_1_202' title='bbox 914 3386 930 3434; x_wconf 81' lang='lat'><strong>2</strong></span> <span class='ocrx_word' id='word_1_203' title='bbox 954 3380 1124 3435; x_wconf 61' lang='lat'>1417.</span> 
     </span>
    </p>
   </div>
   <div class='ocr_carea' id='block_1_6' title="bbox 0 0 1190 3818">
    <p class='ocr_par' dir='ltr' id='par_1_9' title="bbox 0 0 1190 3818">
     <span class='ocr_line' id='line_1_27' title="bbox 0 0 1190 3818; baseline 0 0"><span class='ocrx_word' id='word_1_204' title='bbox 0 0 1190 3818; x_wconf 95' lang='lat' dir='ltr'><strong><em> </em></strong></span> 
     </span>
    </p>
   </div>
  </div>
 </body>
</html>
