2348 3818
75 154 141 219 342

558 329 603 416 β’.

138 454 226 523 Ἐάν
251 455 322 522 δύο
346 452 515 541 ἀριθμοί
534 455 954 532 πολλαπλασιάσαντες
973 450 1091 537 άλλή-

76 569 168 640 λονς
195 565 340 628 ποιῶσι
368 560 637 645 τετράγωνον,
666 559 803 647 ὅμοιοι
832 562 1020 628 ἐπίπεδοί
1040 564 1091 626 εί·

76 686 140 735 σιν
163 664 341 755 άριθμοί.

41 795 57 844 5
133 771 310 842 Ἔστωσαν
339 772 402 842 δύο
431 771 573 862 άριθμοί
602 776 636 840 oc
658 782 706 860 A,
729 780 772 858 Β,
801 773 855 839 καί
879 770 897 840 6
922 781 954 838 A
977 771 1091 840 τὸνΒ

77 880 370 959 πολλαπλασιάσας
387 878 597 969 τετράγωνον
615 878 676 948 τὸν
690 884 723 947 Γ
737 885 884 947 ποιείτω·
917 880 1016 964 λέγω,
1041 877 1092 946 ὅτι

77 988 112 1053 οί
133 995 175 1071 A,
198 994 227 1053 Β
247 985 357 1071 ὅμοιοι
381 988 535 1054 ἐπίπεδοί
554 990 640 1053 εἰσιν
663 983 815 1073 άμιθμοί.

136 1092 172 1158 Ὁ
201 1091 266 1180 γάρ
289 1101 322 1158 A
344 1091 465 1160 ἑαυτὸν
487 1090 780 1172 πολλαπλασιάσας
803 1088 862 1158 τὸν
885 1101 919 1158 A
942 1088 1091 1160 ποιείτω·

75 1195 94 1265 6
114 1205 148 1265 A
170 1196 235 1283 άρα
257 1197 464 1286 τετράγωνός
487 1200 587 1266 ἐστιν.
622 1200 679 1266 καὶ
702 1199 772 1266 ἐπεὶ
795 1195 813 1266 ὁ
832 1207 865 1264 A
887 1197 1012 1266 ἑαυτὸν
1032 1197 1092 1285 μὲν

28 1326 62 1375 10
79 1305 372 1384 πολλαπλασιάσας
398 1301 458 1372 τὸν
482 1313 515 1371 A
542 1311 736 1392 πεποίηκεν,
764 1304 824 1373 τὸν
853 1303 942 1372 6613
971 1311 1093 1373 πολλα-

76 1410 262 1489 πλασιάσας
285 1407 345 1478 τὸν
368 1417 400 1478 Γ
418 1417 613 1497 πεποίηκεν,
637 1417 727 1479 ἔστιν
751 1412 817 1500 άρα
840 1408 885 1490 ως
907 1410 925 1479 6
951 1419 983 1478 A
1007 1409 1092 1498 πρὸς

76 1515 137 1583 τὸν
160 1524 204 1600 Β,
234 1516 252 1584 6
277 1523 311 1583 A
337 1515 420 1605 πρὸς
445 1514 506 1584 τὸν
530 1525 566 1585 Γ.
611 1518 667 1585 καί
691 1518 761 1585 ἐπεὶ
785 1517 802 1585 6
827 1527 861 1584 A
883 1516 1094 1605 τετράγωνός

78 1625 184 1708 ἐστιν,
217 1619 302 1689 άλλά
334 1625 389 1691 καί
419 1621 498 1710 ὁΓ,
528 1628 563 1691 οί
585 1632 633 1709 A,
657 1630 689 1691 Γ
712 1622 779 1713 άρα
807 1622 917 1711 ὅμοιοι
941 1627 1098 1692 ἐπίπεδοί

79 1733 174 1797 εἰσιν.
218 1734 286 1798 τάν
311 1739 361 1816 A,
384 1737 416 1798 Γ
438 1727 505 1816 άρα
535 1723 582 1810 εἷς
610 1732 710 1817 μέσος
732 1728 903 1815 άνάλονον
927 1732 1093 1817 ἐμπίπτει.

27 1855 60 1902 15
78 1843 137 1902 καί
158 1839 248 1904 ἐστιν
272 1834 317 1916 ὡς
340 1864 358 1904 ο
384 1845 418 1903 A
439 1834 523 1924 πρὸς
545 1834 606 1904 τὸν
629 1843 668 1922 Γ,
700 1837 805 1915 ούτως
828 1833 845 1904 ὁ
869 1846 902 1903 A
925 1837 1014 1924 πρὸς
1035 1837 1095 1905 τὸν

75 1952 116 2010 Β·
155 1944 211 2010 καὶ
237 1947 306 2009 τῶν
331 1951 378 2030 A,
401 1950 430 2009 Β
458 1941 524 2031 ἄρα
550 1937 598 2022 εἷς
620 1943 720 2029 μίσος
743 1941 912 2028 ἀνάλογον
932 1946 1095 2029 ἐμπίπτει.

78 2049 137 2117 ἐὰν
171 2048 208 2114 δὲ
240 2048 303 2115 δύο
337 2046 495 2135 άριβμάν
528 2042 575 2128 εἷς
607 2051 706 2135 μέσος
738 2046 907 2134 ἀνάλογον
939 2052 1095 2140 ἐμπίπτῃ,

77 2153 191 2241 ὅμοιοι
206 2157 358 2221 ἐπίπεδοί
374 2159 459 2222 είσιν
480 2158 543 2238 [οί]
565 2154 720 2244 ἀριθμοί·
746 2158 781 2223 οί
798 2153 863 2240 ἅμα
877 2163 920 2239 A,
935 2163 964 2223 Β
982 2155 1098 2244 ὅμοιοί

66 2265 164 2327 ἐἰσιν
186 2262 348 2328 ἐπίπεδοι·
391 2259 472 2349 ὅπερ
497 2265 564 2328 ἔδει
589 2263 702 2342 δείξαι.
802 2312 817 2332 τ

24 2499 58 2547 ιο
560 2483 604 2541 ί·

141 2576 229 2646 Ἐὰν
248 2579 368 2665 κύβος
386 2576 559 2669 ἀριθμὸς
578 2579 722 2649 ἑαυτὸν
741 2581 1095 2660 πολλαπλασιάσας

80 2689 171 2773 ποιῇ
195 2711 298 2769 τινα,
323 2683 341 2753 6
366 2685 583 2771 γενίμενος
605 2686 725 2772 κύβος
744 2692 862 2754 ἔσται.

145 2791 262 2877 Κύβος
288 2818 353 2879 γαρ
383 2790 529 2880 ἀριθμὸς
556 2789 625 2859 ὁΑ
654 2792 775 2859 ἑαυτὸν
797 2795 1096 2872 πολλαπλασιάσας

77 2895 138 2964 τὸν
160 2904 189 2962 Β
213 2903 361 2964 ποιείτω·
395 2900 490 2983 λέγω,
515 2896 565 2965 ὅτι
589 2895 607 2965 6
631 2906 660 2965 Β
682 2898 785 2983 πύβος
808 2900 906 2965 ἐστίν.

25 3028 59 3078 25
145 3001 312 3087 Είλήφβω
336 3002 400 3091 γὰρ
424 3007 484 3070 τού
508 3011 541 3069 A
563 3003 690 3093 πλευρά
716 3002 787 3090 ὁΓ,
806 3004 861 3071 καί
885 3001 951 3072 ὁΓ
971 3007 1096 3078 ἑαυτὸν

79 3107 371 3188 πολλαπλασιάσας
398 3108 458 3176 τὸν
488 3117 520 3174 A
547 3114 689 3180 ποιείτω.
738 3108 887 3199 φανερὸν
917 3111 960 3197 δή
992 3117 1097 3201 ἐστιν,

150 3274 174 3322 3.
195 3265 248 3321 είσι
266 3267 328 3335 ch.
401 3274 427 3324 4.
446 3265 582 3340 ἀριθμοί]
602 3287 656 3325 om.
676 3270 765 3338 Bvqo.
829 3274 853 3323 5.
873 3265 1001 3326 ἔστωσαν
1017 3306 1054 3315 -
1069 3282 1096 3331 6:

79 3338 211 3409 ποιείτω]
231 3335 284 3391 δύο
302 3335 356 3406 γὰρ
375 3335 494 3409 άριθμοί
514 3337 544 3393 οί
559 3346 581 3394 A
587 3383 594 3408 ‚
614 3347 635 3394 Β
655 3337 951 3402 πολλαπλασιάσαντες
966 3345 1015 3412 (m.
1033 3352 1051 3400 2
1066 3346 1097 3415 B)

77 3405 214 3480 άλλήλονς
233 3406 409 3479 τετράγωνον
428 3407 479 3464 τὸν
504 3414 530 3464 Γ
550 3413 720 3466 ποιείτωσαν
744 3412 843 3466 Theon
862 3411 975 3481 (va).
1073 3422 1096 3472 9,

68 3475 204 3554 lcquo,
257 3482 299 3558 A]
315 3499 402 3557 supra
417 3502 455 3539 m.
470 3482 533 3540 N.
584 3480 764 3555 Ufflffissv·
818 3488 859 3536 10.
873 3485 1018 3554 πεποίηκε
1035 3488 1095 3558 Vq.
