2348 3818
99 141 144 206 54
482 138 684 193 ΣΤΟΙΧΕΙΩΝ
703 134 738 194 ε’.

164 281 243 351 Ἐὰν
266 281 331 371 ἄρα
355 283 541 371 διῃρημένα
564 281 690 370 μεγέθη
714 277 886 364 ἀνάλογον
904 269 937 367 ᾖ,
962 278 1023 346 καὶ
1044 298 1123 347 σνν-

99 391 240 458 τεθέντα
262 386 432 475 οἷνάλογον
456 395 561 458 ἔσται’
599 387 680 477 ὅπερ
703 390 772 455 ἔδει
795 386 909 467 δεῖξαι.

575 566 637 634 aff.
704 612 706 617 ·

164 687 250 757 Ἐὰν
273 683 295 778 η’
320 687 364 770 ὡς
383 688 478 759 ὅλον
497 688 594 779 πρὸς
613 687 723 774 ὅλον,
748 685 872 767 οὕτως
889 683 1122 775 ἀφαιρεθέν

66 794 198 884 οαμδς
229 794 467 887 ἀφαιρεθέν,
500 795 565 864 καὶ
594 793 637 863 τὸ
668 792 809 863 λοιπὸν
837 789 934 880 πρὸς
963 792 1009 861 τδ
1040 800 1122 862 λοι-

100 901 174 971 πὸν
198 908 308 972 ἔσται
331 901 380 983 ὡς
403 901 497 971 ὅλον
520 899 618 991 πρὸς
641 898 746 969 ὅλον.
878 990 880 994 ³

158 1008 267 1078 Ἔστω
290 1009 355 1097 γὰρ
379 1007 424 1087 ὡς
448 1007 529 1077 ὅλον
552 1005 590 1075 τὸ
609 1014 674 1074 ΑΒ
697 1004 781 1094 πρὸς
803 1004 885 1075 ὅλον
908 1003 946 1073 τὸ
965 1011 1042 1094 ΓΔ,
1068 1004 1122 1075 οὸ-

101 1141 165 1196 τας
188 1114 376 1202 ἀφαιρεθὲν
399 1112 437 1182 τὸ
453 1123 485 1182 Α
491 1123 523 1182 Ε
543 1111 626 1202 πρὸς
650 1110 838 1201 ἀφαιρεθὲν
860 1109 898 1181 τδ
913 1116 990 1178 ΓΖ·
1022 1112 1121 1200 λέγω,

101 1220 152 1290 ὅτι
175 1222 230 1289 καὶ
254 1220 374 1289 λοιπὸν
396 1219 434 1289 τὸ
458 1228 521 1288 ΕΒ
544 1218 633 1309 τορὸς-
650 1217 770 1288 λοιιιδν
791 1217 830 1287 τὸ
856 1225 923 1285 ΖΔ
950 1221 1047 1285 ἔσται
1075 1216 1120 1298 ὥς

50 1340 84 1390 10
103 1326 185 1395 ὅλον
208 1324 245 1395 τδ
270 1334 334 1394 ΑΒ
357 1326 442 1415 πρὸς
465 1325 548 1395 ὅλον
569 1325 607 1393 τὸ
631 1331 702 1393 ΓΔ.

165 1431 254 1501 Ἐπεὶ
276 1432 341 1521 γάρ
365 1434 455 1501 ἐστιν
479 1429 524 1512 ὡς
546 1429 584 1500 τὸ
604 1438 669 1498 AB
693 1428 777 1520 πρὸς
798 1429 837 1500 τὸ
856 1435 930 1518 ΓΔ,
953 1429 1065 1512 οὕτως
1083 1431 1121 1500 τὸ

101 1546 170 1607 ΑΕ
199 1537 282 1628 πρὸς
312 1538 350 1608 τὸ
374 1545 450 1625 ΓΖ,
482 1540 538 1608 καὶ
567 1535 708 1618 έναλλδιξ
736 1533 782 1616 ὡς
810 1535 848 1604 τὸ
872 1543 940 1605 BA
966 1536 1055 1626 πρὸς
1083 1537 1121 1606 τὸ

102 1655 177 1733 ΑΕ,
203 1644 308 1726 οὕτως
330 1644 368 1715 τὸ
388 1651 459 1713 ΔΓ
476 1644 559 1734 πρὸς
581 1643 619 1713 τὸ
633 1650 702 1712 ΓΖ.
744 1643 802 1710 καὶ
825 1642 894 1711 έιιεὶ
917 1649 1122 1732 συγκείμενα

101 1754 226 1840 μεγέθη
264 1752 435 1840 ἀνάλογόν
469 1755 575 1838 ἐστιν,
610 1752 667 1818 καὶ
700 1749 915 1837 διαιρεθέντα
947 1747 1121 1838 αἰνολλογον

49 1872 81 1921 15
102 1864 208 1945 ἔσται,
237 1858 282 1940 ὡς
308 1858 346 1928 τὸ
371 1867 439 1927 ΒΕ
466 1857 550 1947 πρὸς
577 1857 615 1925 τὸ
640 1864 720 1942 ΕΑ,
749 1854 857 1936 οὕτως
882 1855 920 1924 τὸ
947 1864 1015 1924 ΔΖ
1037 1855 1122 1946 πρὸς

101 1965 140 2033 τὸ
164 1971 239 2033 ΓΖ·
275 1965 331 2031 ιιαὶ
355 1963 506 2047 ἐναλλάξ,
530 1959 576 2041 ὡς
597 1961 636 2030 τὸ
660 1969 725 2029 ΒΕ
746 1961 831 2051 ατρὸς
852 1960 891 2030 τὸ
911 1967 988 2047 ΔΖ,
1012 1959 1122 2042 οὕτως

101 2069 139 2137 τὸ
162 2077 228 2137 ΕΑ
251 2068 334 2156 πρὸς
356 2068 393 2136 τὸ
419 2072 488 2135 ΖΓ.
525 2064 570 2146 ὡς
594 2066 631 2134 δέ
653 2064 691 2134 τδ
717 2074 787 2136 ΑΕ
806 2065 890 2157 πρὸς
911 2065 950 2135 τὸ
969 2073 1042 2154 ΓΖ,
1066 2066 1123 2136 οὸ-

102 2201 167 2254 τας
196 2173 368 2244 ὑπόκειται
396 2173 477 2243 ὅλον
505 2173 542 2242 τὸ
568 2180 632 2240 ΑΒ
659 2173 744 2261 πρὸς
772 2172 853 2242 ὅλον
880 2170 918 2242 τὸ
942 2177 1015 2241 ΓΛ.
1064 2173 1122 2241 ναὶ

102 2279 223 2348 λοιπὸν
246 2279 312 2368 ὅρα
334 2279 372 2348 τὸ
386 2289 449 2349 ΕΒ
473 2278 557 2369 πρὸς
579 2278 700 2347 λοιπὸν
722 2278 759 2347 τὸ
776 2287 843 2346 ΖΛ
862 2283 954 2347 ἔσται
972 2276 1018 2359 ὥς
1038 2277 1122 2349 ὅλον

50 2410 85 2460 20
103 2384 141 2454 τὸ
165 2394 230 2454 ΑΒ
254 2384 338 2476 πρὸς
361 2385 443 2455 ὅλον
464 2386 502 2455 τὸ
526 2391 598 2456 ΓΔ.

168 2490 247 2561 Ἐὰν
269 2491 337 2580 ἄρα
359 2485 380 2581 ᾖ
405 2491 450 2574 ὡς
473 2491 555 2561 ὅλον
577 2491 660 2580 πρὸς
683 2489 776 2578 ὅλον,
800 2489 909 2572 οὕτως
931 2488 1123 2580 ἀφαιρεθὲν

103 2598 187 2689 πρὸς
210 2597 408 2687 ἀφαιρεθέν,
432 2599 487 2666 καὶ
510 2596 548 2666 τδ
572 2597 691 2666 λοιιτόν
714 2595 798 2686 πρὸς
820 2596 858 2666 τὸ
884 2595 1004 2665 λοιιιδν
1029 2603 1124 2667 ἔσται

105 2704 150 2785 ὡς
174 2705 255 2775 ὅλον
278 2703 361 2794 πρὸς
384 2703 466 2773 ὅλον
491 2703 586 2793 [ὅπερ
610 2709 678 2773 έδει
701 2707 830 2789 δεῖξαι]

174 2813 254 2895 [Καὶ
278 2812 347 2880 έιτεὶ
371 2813 505 2898 ἐδείχθη
530 2808 575 2891 εὸς
597 2808 635 2879 τὸ
660 2818 725 2878 ΑΒ
748 2809 831 2899 πρὸς
854 2809 892 2879 τὸ
915 2816 988 2897 ΓΔ,
1013 2809 1124 2891 οὕτως

51 2938 85 2990 25
104 2914 142 2985 τδ
162 2923 224 2985 ΕΒ
248 2916 331 3006 πρὸς
352 2915 391 2984 τὸ
412 2925 493 3002 ΖΛ,
516 2917 572 2984 καὶ
595 2913 736 2998 ἐναλλὰξ
760 2914 806 2997 ὡς
827 2916 865 2986 τὸ
886 2925 952 2986 AB
974 2914 1062 3005 πρὸς
1085 2915 1124 2987 τὸ

104 3031 171 3092 ΒΕ
188 3021 293 3104 οὸτως
309 3023 348 3093 τὸ
363 3029 425 3092 ΓΔ
439 3023 523 3111 πρὸς
535 3021 573 3090 τὸ
590 3030 666 3109 ΖΛ,
688 3026 888 3109 συγκείμενα
906 3021 973 3111 ἄρα
993 3025 1124 3111 μεγέθη

105 3127 277 3215 ἀνάλογόν
301 3131 404 3198 ἐστιν·
442 3132 576 3216 ἐδείχθη
602 3128 639 3197 δὲ
663 3125 707 3209 ὦς
729 3128 767 3197 τὸ
792 3136 860 3197 BA
881 3128 966 3218 πρὸς
983 3129 1022 3197 τὸ
1043 3137 1125 3215 ΑΕ,

106 3233 214 3315 οὕτως
235 3234 274 3304 τὸ
299 3243 369 3305 ΛΓ
388 3235 471 3322 πρὸς
493 3234 531 3303 τὸ
551 3241 626 3303 ΓΖ·
666 3241 727 3303 καί
742 3237 832 3303 ἐστιν
852 3233 1125 3335 ἀναστρέψαντι]

179 3403 203 3453 1.
223 3387 259 3467 ᾗ]
280 3394 359 3451 ἔσται
377 3417 399 3466 φ
419 3398 483 3466 (non
499 3394 539 3464 F).
612 3402 638 3450 2.
659 3393 749 3466 ἔσται]
766 3411 836 3450 eras.
851 3395 882 3449 F.
956 3400 981 3451 8.
1001 3389 1121 3465 ἀφαιρε-

17 3498 24 3551 3
106 3462 214 3524 θλντό
235 3470 288 3522 ΑΕ
306 3462 605 3539 n069]mg.m.2F.
680 3472 704 3521 9.
724 3461 806 3536 τινός]
830 3462 899 3534 πρὸς
921 3461 954 3520 τό
974 3486 1005 3535 φ.
1081 3471 1123 3522 10.
