2348 3818
349 170 624 226 ELEMENTORUM
640 173 750 223 LIBER
767 173 828 225 VII.
1028 171 1092 236 197

60 318 136 378 tur.
195 334 294 398 quare
327 319 360 378 A
397 315 576 378 eommunis
614 336 767 380 mansura
800 319 850 381 est
886 337 1094 381 numerorum

59 427 109 504 A,
130 423 172 499 Β,
190 420 227 484 Γ.
274 418 360 503 dico,
393 420 529 485 eundem
561 422 736 486 maximam
769 442 862 486 essa..
897 443 974 487 nam
1003 423 1031 486 ai
1060 428 1094 487 A

59 547 282 592 numerorum
304 531 349 604 A,
370 530 413 610 B,
432 529 464 590 Γ
483 528 624 592 maxima
647 549 800 592 mensura
822 529 1003 594 communis
1027 549 1094 592 non

59 637 133 716 esi,
154 653 307 696 numerus
328 633 446 716 aliquis
464 654 600 699 numero
621 639 654 698 A
673 633 777 698 maior
793 655 944 700 numeros
958 640 999 718 A,
1013 638 1052 719 Β,
1066 636 1099 701 Γ

59 739 237 804 metiatur.
283 739 437 804 metiatur
460 743 492 804 et
515 741 560 804 sii
582 745 620 804 E.
666 739 732 804 iam
757 741 908 824 quoniam
931 747 963 805 E
982 762 1094 806 numa·

59 868 123 912 ros
153 849 201 928 A,
225 848 268 928 Β,
290 847 322 909 Γ
346 847 496 931 metitur,
527 847 625 912 etiam
657 853 703 925 A,
726 850 755 910 B
783 847 945 912 metietur.
996 868 1094 930 quare

59 953 175 1017 eiiam
209 950 382 1014 maximam
420 973 605 1016 mensuram
643 973 848 1019 communem
884 972 1094 1016 numerorum

60 1064 112 1141 A,
137 1060 168 1120 Β
188 1056 341 1122 meiietur
360 1061 466 1142 [prop.
484 1056 517 1121 II
536 1058 671 1138 coroll.].
710 1078 825 1122 uerum
844 1058 988 1122 maxima
1006 1078 1094 1121 men-

60 1185 152 1229 sura
181 1166 361 1229 communis
389 1185 598 1230 numerorum
630 1169 725 1247 A,B
750 1171 801 1229 esi
831 1169 874 1230 A.
924 1164 1036 1247 itaque
1065 1167 1097 1226 Β

66 1270 216 1334 metiiur
247 1274 282 1333 A
313 1267 418 1337 maior
451 1272 624 1354 minorem,
657 1271 742 1356 quod
773 1271 846 1336 fieri
877 1293 944 1336 non
977 1272 1094 1353 potesi.

67 1374 186 1458 itaqua
211 1396 364 1440 numeros
388 1383 430 1459 A,
449 1381 488 1462 B,
506 1381 539 1441 Γ
556 1400 623 1442 non
646 1378 799 1442 meiietur
816 1399 971 1469 numerus
990 1376 1095 1440 maior

61 1500 207 1546 numero
232 1486 274 1545 A.
321 1502 397 1567 ergo
422 1488 455 1546 A
483 1484 625 1547 maxima
653 1487 703 1546 est
730 1505 881 1549 mensura
909 1481 1091 1549 communis

64 1607 287 1653 numerorum
310 1594 355 1672 A,
372 1593 416 1670 Β,
435 1591 471 1653 Γ.

138 1694 209 1758 iam
241 1716 283 1758 ne
315 1695 468 1758 metiatur
496 1700 529 1759 A
557 1715 728 1758 numerum
756 1697 792 1758 Γ.
843 1693 914 1757 dico
942 1692 1093 1775 primum,

62 1819 231 1865 numeros
254 1804 295 1882 Γ,
315 1806 348 1864 A
374 1823 441 1865 non
472 1822 542 1864 esse
571 1800 693 1884 primos
717 1800 804 1864 inter
828 1820 872 1863 se.
917 1819 993 1861 nam
1018 1818 1094 1881 quo-

62 1908 169 1971 niam
193 1913 236 1988 A,
255 1910 292 1989 Β,
312 1910 343 1971 Γ
362 1907 460 1990 primi
483 1928 549 1971 non
574 1909 651 1970 suni
674 1906 761 1970 inter
785 1927 835 1987 se,
858 1926 1013 1968 numerus
1038 1904 1096 1968 ali·

59 2014 147 2098 quis
172 2032 227 2076 eos
250 2013 411 2078 metietur.
457 2013 512 2098 qui
535 2017 644 2077 autem
665 2018 705 2096 A,
724 2015 764 2093 Β,
783 2012 816 2075 Γ
830 2010 972 2094 metiiur,
995 2010 1094 2075 eiiam

59 2127 110 2204 A,
132 2122 164 2182 Β
189 2119 348 2202 metietur,
372 2122 406 2182 ai
429 2124 463 2183 A
486 2119 662 2183 maximam
681 2139 866 2183 mensuram
890 2138 1094 2182 communem

59 2244 286 2290 numerorum
313 2232 354 2309 A,
379 2229 408 2288 Β
437 2226 589 2289 meiieiur
623 2227 727 2308 [prop.
746 2222 780 2287 II
799 2225 932 2304 eoroll.].
982 2245 1095 2288 uerum

63 2333 179 2398 etiam
202 2333 235 2394 Γ
252 2331 394 2396 metitur.
441 2352 539 2415 quare
562 2352 713 2394 numeros
738 2335 785 2414 A,
803 2334 836 2395 Γ
857 2353 1011 2395 numerus
1036 2329 1093 2393 ali·

67 2438 151 2524 quis
177 2437 337 2501 metietur.
382 2438 491 2521 itaqua
515 2441 557 2521 A,
576 2440 609 2501 Γ
632 2437 730 2521 primi
753 2459 820 2502 non
843 2441 919 2501 suni
941 2437 1028 2501 inter
1052 2457 1096 2500 se.

63 2545 226 2609 sumaiur
262 2544 364 2629 igitur
396 2565 507 2608 eorum
543 2545 687 2607 maxima
723 2564 876 2608 mensura
913 2542 1094 2606 communis

63 2656 102 2716 E
122 2652 231 2733 [prop.
249 2649 306 2730 HJ.
348 2654 380 2713 et
400 2648 553 2734 quoniam
573 2653 605 2712 E
621 2650 755 2713 metitur
775 2655 815 2731 A,
835 2653 868 2711 A
883 2650 991 2712 autem
1008 2652 1050 2727 A,
1065 2649 1094 2708 Β

67 2756 226 2839 metitur,
249 2757 348 2820 etiam
372 2760 404 2818 E
424 2757 559 2820 meiiiur
580 2761 622 2837 A,
641 2759 679 2818 Β.
724 2776 837 2818 uerum
856 2753 955 2818 eiiam
978 2754 1011 2817 Γ
1030 2774 1095 2816 me-

63 2864 165 2927 tiiur.
213 2865 245 2924 E
269 2862 370 2946 igitur
394 2867 436 2943 A,
455 2865 495 2945 Β,
513 2862 546 2925 Γ
571 2861 712 2925 metitur.
763 2881 861 2944 quare
890 2864 922 2923 E
946 2881 1095 2925 numero-

65 2989 148 3033 rum
172 2973 214 3050 A,
235 2971 275 3048 Β,
294 2970 325 3032 Γ
345 2964 527 3031 eommunis
552 2969 601 3029 est
620 2987 781 3029 mensura.
826 2965 893 3029 iam
912 2965 996 3049 dieo,
1020 2988 1094 3030 eun-

68 3072 1097 3155 dmmmmmffiammmEmmmmAssffl

77 3250 1095 3259 ——.---—--—-——-————-—--—-———-—--——————-—-—

73 3352 121 3406 bis
140 3352 172 3405 F.
247 3350 296 3405 καὶ
315 3345 330 3404 ὁ
350 3353 374 3403 Ε
393 3346 449 3418 ἄρα
467 3346 534 3412 τοὺς
552 3355 588 3420 Α,
608 3335 630 3403 Β
650 3351 761 3421 μετρεῖ]
781 3367 837 3419 mg.
856 3367 893 3407 m.
912 3356 927 3402 2
947 3349 978 3404 Β,
1051 3355 1093 3402 23.

78 3423 121 3494 Γ]
140 3423 237 3476 inseri
256 3439 292 3476 m.
311 3438 366 3475 rec.
385 3421 415 3476 Β,
498 3419 609 3492 κοινόν]
627 3419 671 3476 bis
689 3422 726 3489 P,
746 3419 804 3475 sed.
823 3437 896 3474 corr.
980 3424 1025 3471 Ἃ.
1042 3414 1107 3483 &ik

82 3509 136 3547 om.
155 3493 187 3547 P.
260 3497 302 3548 26.
321 3487 369 3563 τό]
390 3508 442 3549 om.
462 3511 489 3563 p.
