2348 3818
568 703 646 776 VH.

468 872 742 939 Definitiones.

168 1000 195 1063 1.
219 997 337 1063 Unitas
362 1002 412 1062 est
436 1019 487 1083 ea,
511 1000 686 1064 secundum
710 1021 806 1082 quam
826 1019 1037 1081 unaquaeque
1059 1019 1111 1062 res

91 1127 164 1169 una
188 1104 383 1169 nominatur.

166 1211 196 1274 2.
219 1209 382 1275 Numerus
417 1214 525 1275 autem
559 1214 609 1275 ast
645 1210 819 1276 multitudo
858 1232 895 1274 ex
932 1209 1112 1275 unitatibus

98 1316 288 1400 composita.

167 1421 196 1484 3.
220 1419 301 1483 Pars
326 1423 376 1484 est
398 1421 504 1485 minor
526 1443 679 1484 numerus
702 1421 847 1505 maioris,
877 1422 932 1485 ubi
955 1421 1112 1486 maiorem

95 1525 242 1591 metitur.

166 1632 197 1696 4.
220 1631 333 1696 Partes
358 1635 481 1714 autem,
506 1632 561 1697 ubi
586 1654 653 1696 non
675 1632 816 1695 metitur.

166 1738 196 1802 5.
219 1736 390 1822 Multiplex
414 1742 522 1803 autem
546 1739 650 1803 maior
673 1738 818 1821 minoris
841 1737 896 1801 ubi
915 1739 1022 1802 minor
1041 1758 1113 1801 eum

91 1844 241 1908 metitur.

167 1949 197 2014 6.
220 1948 284 2013 Par
310 1972 463 2015 numerus
492 1954 554 2032 est,
583 1950 695 2035 quiin
719 1950 799 2015 duas
827 1954 935 2034 partes
963 1949 1112 2032 aequales

95 2054 263 2120 diuiditur.

168 2163 196 2226 7.
221 2161 332 2245 Impar
356 2167 478 2246 autem,
502 2163 613 2246 quiin
637 2164 715 2228 duas
739 2169 850 2248 partes
875 2164 1026 2248 aequales
1048 2185 1114 2227 non

96 2267 268 2351 diuiditur,
292 2269 361 2332 siue
386 2269 442 2352 qui
466 2268 592 2332 unitate
618 2269 725 2333 differt
748 2292 767 2333 a
790 2270 863 2353 pari
885 2290 1031 2334 numero.

167 2376 196 2440 8.
221 2373 346 2439 Pariter
378 2396 436 2457 par
467 2378 516 2438 est
542 2397 695 2439 numerus
702 2425 711 2459 ‚
744 2397 838 2459 quem
870 2398 930 2459 par
962 2396 1113 2439 numerus

98 2480 280 2546 secundum
302 2501 414 2564 parem
437 2502 606 2545 numerum
630 2479 804 2566 metitur.¹)

167 2587 198 2651 9.
222 2586 349 2651 Pariter
378 2580 485 2651 auteni
511 2589 619 2672 impar
647 2592 708 2669 est,
743 2572 837 2670 quem
869 2608 929 2668 par
960 2605 1112 2648 numerus

99 2692 280 2757 secundum
304 2694 462 2776 imparem
486 2716 656 2758 numerum
680 2689 849 2777 metitur.²)

176 2902 283 2971 1)Def.
312 2907 328 2956 8
357 2901 476 2972 scriptor
503 2902 596 2957 nescio
625 2902 701 2983 quis,
730 2901 778 2970 qui
800 2900 953 2971 Philoponi
976 2918 1114 2957 commen·

98 2972 238 3028 tarium
229 2991 260 3027 ιιι
283 2973 487 3028 Nicomachum
505 2972 683 3057 retractauit,
708 2973 783 3042 apud
800 2972 896 3028 Hochc
915 2973 1025 3041 Philop.
1046 2977 1113 3028 1865

97 3063 128 3114 p
151 3043 215 3099 V
206 3062 236 3097 ιιι
265 3039 479 3130 quibusdam'
461 3039 680 3132 uvrcppqiqrocsr
670 3013 712 3098 ita
734 3043 843 3098 inuenit
866 3060 1037 3130 expressam:
1066 3038 1115 3110 ἄρ

102 3111 195 3176 cuim
202 3110 311 3201 ἄρτιός
329 3111 404 3169 ἔστιν
422 3109 576 3199 ἀριθμὸς
565 3134 579 3169 ο
599 3109 655 3168 ὑπὸ
676 3110 774 3182 ἀρτίου
789 3111 915 3183 ἀριθμοῦ
930 3110 1002 3168 κατὰ
1017 3108 1115 3181 ἄρτιον

101 3181 231 3254 ἀριθμὸν
251 3183 343 3255 μόνως
360 3181 563 3256 μετρούμενος,
584 3184 619 3240 dc
638 3201 693 3253 qua
711 3185 848 3254 scriptura
865 3184 938 3240 falsa
955 3202 981 3238 u
999 3184 1116 3238 Studien

99 3274 128 3325 p
172 3297 209 3396 2).
219 3327 261 3382 De
291 3327 344 3382 def.
370 3348 380 3380 ι
385 3326 585 3395 'interpolata
607 3344 632 3379 u.
660 3325 777 3380 Studien
799 3344 826 3395 p.
852 3332 902 3381 198
923 3343 981 3392 sq·
1002 3338 1056 3376 om
1080 3319 1117 3372 ed

100 3396 188 3452 Basil.
208 3398 238 3452 et
256 3397 412 3467 Gregorius.
1115 3446 1119 3453 .
