2348 3818
100 139 164 204 278
481 139 682 194 Σαοιααιαα
700 135 741 207 η’.

166 281 235 350 Καὶ
263 281 333 350 ἐπεὶ
361 283 396 348 οί
417 288 510 364 m
539 279 709 368 ἐλάχιστοί
734 283 799 349 είσι
827 283 895 349 τιόν
922 279 985 348 τὸν
1008 274 1120 348 αὐτὸν

99 387 203 475 λόγον
232 389 378 474 ἐχόντων
406 386 535 474 αὐτοῖς,
564 392 689 475 πρῶτοι
717 385 801 475 πρὸς
829 383 995 474 ἀλλήλους
1019 387 1114 455 εἰσίν.

99 495 155 560 καὶ
183 494 253 562 ἐπεὶ
281 493 434 581 ἑκάτερος
462 497 532 562 τῶν
560 501 652 580 Ε,Ζ
679 492 802 561 ἑαυτὸν
834 492 896 580 μὲν
928 498 1116 560 πολλαπλα-

100 599 218 680 σιάσας
246 599 403 687 ἑκάτερον
430 603 499 668 τῶν
528 607 577 687 Η,
597 607 633 667 Κ
661 604 856 686 πεποίηκεν,
890 597 1050 685 ἑκάτερον
1079 597 1115 666 δὲ

63 717 167 780 ὁτῶν
195 712 246 792 Η,
266 714 300 775 Κ
325 704 621 786 πολλαπλασιάσας
648 705 808 794 ἑκάτερον
840 710 910 774 τιόν
941 707 1037 791 Aa*
1061 727 1116 772 πε-

98 819 253 899 ποίηκεν,
276 814 332 880 καλ
356 816 391 882 οί
411 821 457 899 Η,
476 820 510 881 Κ
532 811 598 902 ἀρα
620 813 677 880 καὶ
701 816 736 880 οί
760 815 856 899 A&
881 816 1008 900 πρῶτον
1031 810 1117 900 πρὸς

98 916 266 1005 ἀλλήλους
299 924 394 988 εἰσίν.
439 920 495 987 καὶ
524 921 593 987 ἐπεὶ
621 923 656 987 οί
686 929 734 1006 Α,
752 927 798 1005 Β,
819 925 861 1004 Γ,
882 925 915 985 A
947 916 1120 1006 ἐλάχιστοί

99 1029 163 1093 εἰσι
189 1029 259 1095 τῶν
287 1025 348 1094 τὸν
377 1021 483 1094 αὐτὸν
510 1023 614 1113 λόγον
643 1024 790 1113 ἐχόντων
814 1022 945 1110 αὐτοῖς,
979 1024 1045 1091 είσὶ
1078 1023 1117 1092 δέ

98 1132 153 1198 καὶ
178 1135 213 1200 οί
234 1140 276 1219 A,
296 1140 346 1219 M,
365 1135 456 1217 Ν,Ξ
476 1132 642 1218 ἐλάχιστοι
666 1135 702 1200 ἐν
725 1136 771 1225 τῷ
795 1131 886 1223 αὐτῷ
911 1130 1000 1221 λόγῳ
1020 1128 1116 1212 ὅντες

47 1262 79 1310 10
97 1252 168 1316 τοῖς
198 1249 245 1324 Α,
264 1246 309 1324 Β,
328 1244 369 1324 Γ,
390 1245 437 1324 A,
465 1243 524 1305 καί
544 1240 635 1306 ἐστιν
659 1245 734 1306 ίσον
757 1236 796 1305 τὸ
827 1241 958 1324 πλῆθος
979 1240 1049 1304 τῶν
1072 1245 1116 1321 A,

98 1353 143 1428 Β,
162 1352 205 1431 Γ,
224 1353 259 1412 Δ
285 1349 330 1436 τῷ
358 1344 482 1432 πλήθει
510 1349 580 1413 τῶν
608 1352 652 1431 A,
671 1353 727 1432 M,
746 1352 796 1431 N,
816 1347 859 1431 Ξ,
883 1345 1020 1422 ἕκαστος
1047 1340 1115 1429 ἀρα

98 1454 166 1517 τῶν
190 1459 233 1536 A,
252 1459 292 1537 Β,
310 1457 350 1536 Γ,
368 1457 402 1517 A
425 1448 551 1544 ἑκάστῳ
575 1462 643 1520 τιόν
668 1458 709 1537 A,
728 1458 776 1535 M,
798 1457 843 1535 N,
863 1452 893 1527 Ξ
913 1457 986 1528 ῖσος
1008 1450 1113 1515 ἐστίν·

98 1563 170 1635 ίσος
197 1554 263 1643 ἀρα
292 1557 383 1625 ἐστίν
411 1553 429 1625 6
459 1556 522 1644 μὲν
545 1567 577 1625 Α
598 1559 644 1650 τῷ
669 1563 713 1643 A,
741 1553 759 1624 6
788 1554 826 1622 δὲ
851 1561 884 1621 A
905 1558 951 1647 τῷ
975 1556 1012 1630 Ξ.
1057 1558 1119 1621 καί

98 1665 184 1730 εἰσιν
212 1665 247 1730 ολ
273 1666 368 1750 Aa*
392 1669 518 1752 πρῶτοι
546 1661 628 1751 πρὸς
655 1660 831 1749 ἀλλήλους.
877 1661 933 1728 καὶ
957 1663 992 1749 οί
1012 1669 1060 1747 A,
1081 1668 1116 1727 A

45 1791 78 1840 15
97 1768 162 1853 ἀρα
186 1773 311 1857 πρῶτοι
334 1766 416 1856 πρὸς
438 1767 604 1855 ἀλλήλους
627 1773 728 1836 εἰσίν·
753 1765 835 1855 ὅπερ
860 1772 928 1835 ἔδει
953 1768 1068 1848 δεῖξαι.

582 1945 627 2013 δ’.

164 2051 304 2138 Λόγων
329 2055 534 2121 δοθέντων
558 2050 793 2120 ὁποσωνοῦν
818 2055 859 2120 ἐν
888 2054 1115 2138 ἐλαχίστοις

97 2154 287 2244 ἀριθμοῖς
315 2156 515 2245 ἀριθμοὺς
541 2155 674 2245 εὑρεῖν
699 2159 785 2243 ἐξής
803 2155 1005 2244 ἀνάλογον
1026 2160 1114 2226 ἐλα-

97 2267 257 2349 χίστους
281 2266 427 2343 ἐντοῖς
451 2268 609 2332 δοθεῖσι
633 2263 775 2349 λόγοις.

43 2400 78 2447 20
155 2367 330 2438 Ἔστωσαν
359 2374 393 2436 οί
425 2371 583 2449 δοθέντες
615 2369 710 2456 λόγοι
738 2374 775 2439 ἐν
804 2372 987 2458 ἐλαχίστοις
1015 2368 1114 2459 ἀριθ·

96 2488 171 2560 μοῖς
208 2475 227 2542 6
258 2502 294 2543 τε
327 2481 388 2544 τοῦ
422 2486 453 2543 A
486 2475 570 2565 πρὸς
601 2475 661 2545 τὸν
690 2485 718 2543 Β
745 2477 801 2543 καλ
835 2475 852 2544 6
881 2482 942 2545 τοῦ
970 2482 1002 2543 Γ
1029 2475 1113 2563 πρὸς

95 2581 156 2649 τὸν
186 2590 219 2648 A
246 2582 302 2648 καὶ
330 2587 378 2649 ἐτι
407 2579 425 2650 6
454 2585 515 2650 τοῦ
543 2590 574 2649 Β
599 2581 682 2669 πρὸς
710 2582 770 2651 τὸν
795 2591 835 2649 Ζ·
866 2587 919 2651 δεῖ
944 2581 985 2668 δή
1011 2580 1112 2668 ἀριθ-

79 2688 179 2773 ’μοὺς
203 2687 314 2777 εὑρεῖν
338 2690 412 2774 ἑξῆς
434 2685 606 2774 ἀνάλογον
630 2692 821 2776 ἐλαχίστους
850 2694 888 2756 ἐν
915 2715 949 2756 τε
978 2693 1025 2779 τῷ
1049 2693 1112 2757 τοῦ

96 2805 128 2860 Α
155 2792 238 2880 πρὸς
265 2793 326 2862 τὸν
354 2802 382 2860 Β
410 2792 500 2885 λόγῳ
529 2795 585 2861 καὶ
613 2797 649 2862 ἐν
676 2798 722 2886 τῷ
747 2799 807 2862 τοῦ
831 2800 863 2861 Γ
885 2793 969 2882 πρὸς
990 2792 1052 2862 τὸν
1079 2803 1113 2861 A

43 2929 77 2978 25
96 2899 150 2965 καὶ
174 2904 219 2966 ἐτι
245 2902 281 2966 ἐν
304 2908 350 2988 τῷ
373 2903 434 2967 τοῦ
457 2906 489 2966 Ε
510 2899 594 2987 πρὸς
616 2899 675 2968 τὸν
698 2909 734 2967 Z.

163 3004 330 3092 Εἰλήφθω
354 3004 418 3094 γὰρ
442 3002 459 3073 6
484 3003 550 3074 ὑπὸ
574 3010 642 3074 τῶν
665 3013 709 3092 Β,
728 3012 760 3073 Γ
779 3007 949 3094 ἐλάχιστος
972 3007 1112 3096 μετρού-

96 3136 195 3195 μενος
225 3106 370 3197 ἀριθμὸς
408 3108 425 3180 6
459 3118 502 3179 Η.
548 3111 603 3178 καὶ
636 3107 752 3190 ὁσίαις
785 3111 847 3198 μὲν
875 3109 893 3179 6
922 3119 951 3179 Β
985 3111 1047 3180 τὸν
1076 3120 1117 3196 H

169 3258 192 3305 1.
211 3251 260 3305 καί
279 3248 346 3306 ίτιεί
358 3284 390 3292 -
406 3260 434 3307 3:
455 3247 560 3307 ἐαυτὸν
600 3249 643 3323 ἐν]
664 3250 693 3307 os
709 3248 766 3320 ἀρα
784 3248 867 3321 ἄκροι
885 3250 978 3308 αὐτῶν
994 3251 1023 3308 οί
1035 3259 1068 3323 Λ,
1085 3257 1113 3314 Ξ

96 3323 202 3388 πρῶτοι
220 3319 290 3391 πρὸς
305 3319 440 3392 ἀλλήλους
455 3322 534 3378 είσίν.
574 3273 635 3378 ἐπεὶ
654 3319 707 3394 γὰρ
727 3321 757 3378 os
769 3328 802 3393 Ε,
819 3327 840 3378 Ζ
853 3325 960 3394 πρῶτοι
975 3320 1112 3395 ἕκάτερος

96 3391 128 3448 δὲ
146 3389 243 3448 αὐτῶν
264 3388 367 3448 ἔαυτόν
382 3395 479 3449 Theon
498 3395 611 3463 (Bch).
669 3400 691 3448 1.
714 3392 784 3449 είσιν
798 3396 827 3450 Ρ.
884 3402 910 3449 4.
929 3395 972 3465 Κ]
988 3411 1059 3451 oras.
1075 3396 1110 3451 V.

86 3471 110 3518 ὁ.
133 3465 192 3519 τῶν
208 3465 255 3538 A]
273 3460 417 3522 τὸνΛΡ.
475 3464 589 3537 equas]
607 3483 661 3521 om.
679 3466 768 3535 Bch.
823 3463 1110 3534 ααλοίΛ,Ξ-ῖε
