2348 3818
350 153 624 206 111111101111
642 155 750 205 amna
767 155 827 208 111.
1034 155 1097 218 187

154 298 205 362 10.
226 295 399 380 Impariter
431 299 539 361 autem
572 296 678 380 impar
713 319 864 362 numerus
902 302 964 382 est,
1002 321 1096 382 quem

77 407 191 486 impar
225 425 377 470 numerus
415 403 591 468 seeundum
627 404 785 487 imparem
820 426 990 469 numerum
1031 426 1096 470 me·

77 511 172 575 titur.

152 617 202 682 11.
224 615 354 681 Primus
386 637 539 680 numerus
573 618 636 699 est,
667 637 764 698 quem
794 615 905 680 unitas
934 618 1003 682 sola
1031 639 1095 683 me·

76 723 173 788 titur.

154 829 203 893 12.
227 828 330 893 Primi
353 829 438 894 inter
462 850 495 892 se
518 828 644 891 numeri
668 831 758 912 sunt,
785 850 867 913 quos
895 831 1002 897 unitas
1026 833 1096 897 sola

78 935 263 1001 communis
287 957 437 1000 mensura
459 935 603 999 metitur.

151 1043 202 1108 13.
224 1039 432 1125 Compositus
459 1062 611 1105 numerus
640 1044 702 1123 est,
731 1063 827 1124 quem
855 1062 1008 1107 numerus
1040 1043 1096 1106 ali·

80 1148 157 1233 quis
180 1148 321 1212 metitur.

150 1255 201 1320 14.
225 1251 408 1337 Compositi
430 1253 516 1318 inter
535 1274 568 1317 se
587 1254 712 1318 numeri
732 1256 817 1338 sunt,
840 1276 921 1338 quos
940 1276 1094 1319 numerus

87 1360 202 1444 aliquis
226 1359 407 1425 eommunis
431 1381 582 1424 mensura
605 1361 745 1424 metitur.

154 1466 202 1531 15.
225 1464 390 1530 Numerus
422 1486 593 1529 numerum
625 1466 840 1549 multiplicare
873 1466 1003 1551 dieitur,
1040 1468 1096 1532 ubi

81 1573 164 1655 quot
185 1575 262 1636 sunt
284 1550 327 1635 111ὶ
342 1592 380 1636 eo
403 1572 560 1654 unitates,
587 1570 685 1634 toties
709 1573 915 1654 componitur
942 1593 1095 1637 numerus

80 1675 334 1759 multiplicatus,
357 1679 390 1740 et
413 1676 516 1741 oritur
539 1676 657 1760 aliquis
679 1697 841 1741 numerus.

151 1783 201 1847 16.
223 1781 292 1847 Ubi
315 1785 424 1846 autem
449 1782 511 1847 duo
535 1782 661 1847 numeri
684 1781 769 1845 inter
788 1803 822 1846 se
841 1782 1095 1865 multiplicantes

77 1909 253 1954 numerum
272 1889 414 1974 aliquem
433 1889 586 1971 efficiunt,
604 1909 758 1952 numerus
776 1887 850 1952 inde
870 1890 960 1952 ortus
978 1889 1095 1973 planus

78 1997 233 2078 uocatur,
264 1994 369 2059 latera
402 1998 510 2060 autem
544 1995 611 2060 eius
643 1994 769 2059 numeri
800 1994 886 2058 inter
920 2015 954 2058 se
986 1993 1096 2057 multi-

76 2100 250 2185 plicantes.

151 2208 202 2271 17.
225 2205 292 2272 Ubi
316 2209 425 2271 autem
448 2210 515 2271 tres
538 2207 664 2271 numeri
682 2207 768 2271 inter
787 2229 821 2271 se
840 2206 1094 2289 multiplicantes

79 2334 254 2378 numerum
285 2312 425 2396 aliquem
449 2311 607 2395 efficiunt,
633 2332 787 2376 numerus
809 2311 883 2376 inde
907 2316 996 2378 ortus
1021 2314 1094 2378 soli-

81 2419 142 2483 dus
174 2422 238 2503 est,
267 2420 370 2483 latera
403 2421 511 2483 autem
543 2418 611 2483 eius
643 2420 769 2483 numeri
800 2419 886 2483 inter
921 2441 955 2483 se
987 2419 1095 2483 multi·

78 2523 248 2608 plicantes.
328 2524 334 2533 '
711 2598 712 2601 Ἴ

149 2631 199 2696 18.
225 2629 409 2706 Quadratus
446 2652 598 2695 numerus
636 2636 685 2696 est
722 2632 900 2716 aequaliter
936 2631 1091 2714 aequalia,

78 2735 149 2800 siue
196 2735 252 2818 qui
296 2735 421 2801 duobus
468 2737 654 2819 aequalibus
700 2738 842 2801 numeris
888 2735 1095 2819 eomprehen-

78 2841 176 2906 ditur.

407 3083 437 3148 ός
455 3085 484 3142 Ρ.
568 3092 609 3141 14.
628 3085 864 3153 πολυπλασιιὶζειν
887 3087 968 3157 PBp.
1052 3094 1093 3142 16.

79 3107 405 3227 zouuatuetatipsvoel
429 3154 560 3227 -ζόμενος
578 3173 593 3212 e
613 3174 682 3213 0011.
706 3176 742 3211 m.
762 3164 778 3211 2
797 3177 824 3227 p.
916 3163 958 3213 18.
977 3159 1094 3212 ποιῶσιν

80 3226 142 3281 ΡΒ.
216 3232 259 3283 22.
278 3227 397 3282 ποιῶσιν
415 3228 445 3282 Β.
520 3224 606 3299 ἐστιν]
626 3228 661 3296 Il,
681 3244 770 3297 comp.
790 3246 823 3297 p:
848 3223 906 3282 ἐστι
924 3229 955 3297 Ρ,
973 3229 1094 3292 Ρ1011111;

82 3301 212 3352 antalam
229 3296 292 3353 BV.
365 3304 407 3352 23.
428 3297 517 3368 Supra
536 3296 566 3353 oi
580 3298 611 3351 in
630 3297 701 3354 Pm.
721 3314 776 3354 ree.
796 3293 856 3353 elo.

81 3103 136 3140 om.
154 3087 189 3141 V.
272 3091 297 3141 8.
316 3085 349 3140 a
367 3106 388 3140 ιι
