2348 3818
105 127 149 190 98
482 129 684 181 ΣΤΟΙΧΕΙΩΝ
702 123 743 181 ς’.

105 269 180 355 ἄρα.
222 272 291 337 ἔστι
320 268 357 337 δὲ
384 266 484 336 καῖε
467 296 488 356 η
516 267 601 353 πρὸς
627 272 673 362 τῷ
696 277 729 336 Α
752 277 808 355 ἴση
832 272 872 356 τῆ
896 266 982 355 πρὸς
1003 271 1048 360 τῷ
1089 270 1138 328 Λ

104 373 161 440 καὶ
193 373 345 461 λοιπῆ”
322 402 389 463 αρα
416 373 437 462 ῆ
465 374 549 464 πρὸς
575 378 622 468 τῷ
649 381 682 442 Γ
705 378 806 463 λοιτιῆ
834 378 874 462 τῆ
903 371 987 462 πρὸς
1018 376 1069 442 τῶ
1098 370 1136 435 ᾗ

106 486 161 565 ἴση
182 482 334 548 ἐστίνί
320 480 502 567 ίσογώνιον
525 479 592 568 ὀῖρα
616 479 740 549 ἐστὶ
707 505 745 548 το
769 484 873 548 ΑΒΓ
887 485 1103 568 τρίγωνον
1072 441 1146 546 W

105 593 208 652 ΔΕΖ
229 585 392 679 τριγώνῳ.

69 706 86 755 5
169 688 267 759 Ἀλλὰ
291 691 332 780 ιῖῆ
356 693 458 761 πάλιν
481 691 674 761 ὑποκείσθω
698 693 837 780 ἑκατέρα
858 696 928 761 τῶν
947 691 1032 781 πρὸς
1050 673 1161 771 wag!

104 802 143 879 Γ,
158 804 185 863 Ζ
208 796 253 884 μῆ
278 798 430 867 ἐλάσσων
452 797 574 887 ὀρθῆς
602 799 687 884 λέγω
711 796 878 885 πάλιν,“
858 823 911 866 οτι
933 795 1056 866 καῖ“
1014 823 1112 878 ουτως

105 902 229 970 ἐστῖνί
215 903 396 990 ίσογώνιον
414 903 453 973 τὸ
473 909 578 972 ΑΒΓ
591 909 757 992 τρίγωνον
776 929 821 994 τῳ
807 907 940 971 ΔΕΖ
957 903 1114 994 τριγώνῳ.

175 1013 250 1077 Τῶν
279 1009 345 1097 γὰρ
374 1007 487 1078 αὐτῶν
519 1010 861 1078 κατασκευασθέντων
894 1007 1022 1097 ὁμοίως
1054 1014 1117 1077 δεί-

105 1117 219 1202 ξομεν,
245 1113 296 1183 ὅτι
319 1123 374 1201 ἴση
399 1115 489 1182 ἐστὶν
512 1113 533 1201 ῆ
556 1121 624 1184 ΒΓ
641 1119 681 1204 τῆ
704 1121 787 1183 ΒΗ·
816 1112 901 1182 ῶστε
928 1115 985 1182 καὶ
1013 1120 1118 1202 γωνία

52 1218 127 1306 1οῆ
154 1220 238 1309 πρὸς
260 1224 305 1313 τῷ
329 1226 362 1287 Γ
379 1224 419 1309 τῆ
441 1219 508 1290 ὑπὸ
531 1227 638 1290 ΒΗΓ
656 1229 711 1308 ἴση
741 1223 840 1289 ἐστίν.
882 1218 946 1288 οὐκ
974 1221 1119 1289 ἐλάττων

105 1325 143 1392 δὲ
175 1323 283 1412 ὀρθῆς
314 1323 335 1410 ῆ
365 1325 448 1413 τιρὸς
479 1330 525 1417 τῷ
558 1334 599 1395 Γ·
632 1325 695 1396 οόκ
727 1325 873 1396 ἐλάττων
906 1327 974 1414 ἄρα
1012 1325 1121 1415 ὀρθῆς

50 1476 52 1483 ·
105 1429 186 1498 οὐδὲ
218 1428 238 1518 ἡ
273 1429 338 1500 ὑπὸ
368 1438 479 1500 ΒΗΓ.
520 1433 688 1521 τριγώνου
716 1435 758 1520 θῆ
787 1437 848 1501 τοῦ
871 1439 978 1501 ΒΗΓ
996 1436 1035 1501 αἴ
1056 1431 1120 1500 δύο

103 1541 223 1623 γωνίαι
252 1540 316 1607 δύο
345 1536 463 1624 ὀρθῶν
491 1538 554 1607 οὔκ
582 1545 668 1609 είσιν
695 1539 883 1619 ἐλάττονες·
917 1537 998 1628 ὅπερ
1028 1539 1120 1608 ἐστὶν

104 1640 286 1714 ἀδύνατον.
327 1643 389 1714 οὐκ
411 1643 479 1734 ἄρα
501 1645 603 1715 τιώλιν
626 1646 744 1726 ἄνισός
768 1648 859 1714 ἐστιν
883 1642 904 1731 ῆ
928 1642 994 1713 ὑπὸ
1019 1650 1125 1712 ΑΒΓ

51 1763 84 1812 15
103 1756 211 1837 γωνία
239 1756 279 1841 τῆ
307 1749 374 1821 ὑπὸ
398 1758 514 1820 ΔΕΖ·
544 1751 646 1896 ἴση”
624 1780 698 1838 αρα
740 1758 810 1820 ἔστι
838 1751 876 1819 δὲ
903 1749 1004 1818 καὶ“
987 1778 1008 1838 η
1037 1749 1122 1836 πρὸς

103 1967 203 2088 λριπῆ
226 1968 267 2050 τῆ
291 1964 375 2051 πρὸς
401 1928 447 2031 τῶ
472 1971 499 2030 Ζ
523 1973 577 2049 ἴση
607 1966 707 2033 ἐστίν.
749 1963 931 2051 ίσογώνιον
959 1962 1027 2051 ὀρα
1050 1963 1120 2032 ἐστί

103 2065 141 2134 τὸ
165 2073 269 2134 ΑΒΓ
287 2032 454 2155 τρίγωνόν
476 2073 522 2161 τῷ
547 2076 649 2136 ΔΕΖ
671 2071 833 2162 τριγώνῳ.

170 2168 249 2238 Ἐὰν
276 2171 343 2259 ὀῖρα
371 2173 434 2241 δύο
466 2179 614 2261 τρίγωνα
646 2181 726 2262 μίαν
756 2181 885 2263 γωνίαν
918 2179 978 2265 μιᾷ
1010 2181 1120 2266 γωνίᾳ

51 2292 87 2342 20
106 2285 184 2364 ἴσην
199 2282 267 2366 ἔχη,
286 2279 361 2367 περὶ
380 2279 418 2347 δὲ
431 2277 534 2361 ἄλλας
551 2287 676 2367 γωνίας
693 2307 752 2362 τας
770 2280 917 2369 πλευρὰς
936 2279 1118 2369 ἀνάλογον,

103 2386 172 2451 τῶν
196 2382 234 2450 δὲ
256 2389 383 2454 λοιπῶν
406 2386 564 2475 ἑκατέραν
583 2386 651 2475 ἅμα
671 2387 831 2456 ἐλάττονα
849 2384 871 2474 ῆ
891 2385 935 2474 μῆ
956 2387 1118 2456 ἐλάττονα

105 2487 227 2577 ὀρθῆς,
255 2490 418 2576 ἰσογώνια
445 2498 536 2560 ἔσται
558 2492 599 2560 τὰ
620 2498 768 2581 τρίγωνα
790 2494 847 2561 καὶ
870 2503 945 2572 ἴσας
968 2495 1035 2575 ἕξει
1057 2493 1117 2574 τὰς

103 2602 244 2683 γωνίας,
277 2597 352 2684 περὶ
383 2594 423 2677 ἃς
453 2598 624 2686 ἆνώλογόν
657 2603 743 2666 είσιν
776 2602 813 2665 αλ
842 2605 997 2688 πλευραί·
1035 2598 1117 2688 ὅπερ

105 2707 172 2770 ἔδει
197 2704 311 2784 δεῖξαι.

49 2847 85 2898 25
589 2828 635 2916 η’.

168 2944 256 3016 Ἐὰν
284 2952 326 3018 ἐν
359 2947 595 3044 ὀρθογωνίῳ
626 2952 805 3045 τριγώνῳ
842 2951 919 3021 ὀττὸ
951 2956 1019 3040 τῆς
1053 2951 1115 3041 ὀρ-

103 3056 177 3140 θῆς
207 3062 355 3142 γωνίας
383 3057 444 3126 ἐτιὶ
472 3057 544 3144 τῆν
572 3057 691 3143 βάσιν
719 3059 890 3139 κάθετος
916 3056 1037 3149 ὀχθῆ,
1069 3059 1112 3128 τὰ

176 3229 353 3288 ῙΗέστίνΒ
394 3235 463 3289 Post
485 3240 507 3288 A
530 3234 593 3289 add.
622 3237 725 3308 σημείῳ
749 3236 808 3306 Bp,
833 3235 970 3306 supraF,
989 3254 1025 3291 m.
1046 3236 1111 3291 2V.

139 3239 518 3392 3.1ἴσιί]ίέσιίνΡ,οοωρ
536 3324 564 3375 p
645 3313 674 3360 6.
695 3278 817 3361 ἐλάττων
835 3307 866 3360 F.
952 3303 1039 3361 πάλιν
1058 3302 1111 3374 ὅτι]

102 3393 138 3428 m.
159 3374 229 3430 2V.
303 3381 328 3430 7.
348 3347 477 3444 ἴοογών
433 3396 496 3430 ιον
511 3371 630 3432 ἒστινΡ
703 3382 728 3431 8.
744 3372 896 3465 ὁριοίωςιῖῆ
879 3377 1005 3448 BV.
1071 3382 1110 3431 10

76 3441 273 3516 ἐλώσσωνρ.
357 3453 398 3501 11.
419 3442 468 3501 ἐλά
470 3465 524 3501 σσω
504 3466 587 3516 ω.νρ
671 3452 713 3501 12.
732 3448 817 3519 ουδὲ]
838 3465 891 3503 om.
910 3447 944 3502 V.
1024 3445 1109 3520 ἡ]οι.
