2348 3818
100 130 166 195 314
477 134 679 187 ετοιεειιεει
696 131 736 203 η’.

98 299 194 357 τερος
221 272 259 341 66
280 277 349 341 τῶν
374 279 417 359 Γ,
437 284 471 341 A
493 273 554 343 τὸν
577 283 605 343 Ζ
631 274 926 355 πολλαπλασιάσας
956 275 1112 365 ἑκάτερον

99 383 168 447 τῶν
190 387 235 464 Θ,
255 386 288 446 Κ
309 386 453 449 ποιείτω.
493 380 645 470 φανερὸν
669 381 728 469 δή,
752 379 803 450 ὅτι
827 384 862 449 οἱ
883 389 924 467 Ε,
944 389 984 464 Z,
1002 391 1045 451 H
1062 383 1113 451 καὶ

100 488 136 552 οἱ
156 493 199 569 Α,
218 492 257 570 Θ,
278 492 321 570 K,
340 491 369 552 Β
392 486 468 571 ἕξής
485 483 657 573 ἀνάλογόν
680 493 766 556 εἰσιν
786 490 822 556 ἐν
840 491 885 577 τῷ
903 491 969 555 τοῦ
987 494 1022 556 Γ
1036 488 1114 578 πρὸς

101 589 162 659 τὸν
187 598 221 658 Δ
243 590 341 683 λόγῳ.
382 592 439 659 καὶ
463 592 532 659 ἐπεὶ
556 596 591 661 oc
611 602 654 680 A,
673 602 713 680 Θ,
731 600 776 677 Κ,
795 600 824 661 Β
847 594 922 679 ἑξής
943 590 1116 681 ἀνάλογόν

64 701 201 783 σεῖσιν,
224 696 281 765 καὶ
303 710 417 786 μετρεῖ
438 697 456 766 6
480 708 513 765 A
534 697 596 765 τὸν
619 706 663 783 Β,
691 712 805 786 μετρεῖ
824 697 893 786 ἄρα
913 699 972 767 καὶ
994 698 1060 769 τὸν
1081 707 1115 769 Θ.

100 808 160 871 καί
180 806 270 897 ἐστιν
293 801 340 883 ὥς
362 803 381 874 6
405 813 438 872 A
459 802 545 890 πρὸς
565 804 627 873 τὸν
649 812 693 890 Θ,
718 803 825 886 οὕτως
848 803 866 874 6
891 811 924 873 Γ
944 804 1033 892 πρὸς
1055 805 1114 875 τὸν

102 918 148 977 A·
171 924 286 999 μετρεῖ
306 909 373 999 ἄρα
395 911 452 978 καὶ
475 908 494 979 6
519 916 552 978 Γ
568 907 629 979 τὸν
653 919 694 981 Δ.

164 1014 261 1084 Ἀλλὰ
291 1014 333 1103 δή
361 1022 519 1104 μετρείτω
547 1015 565 1083 6
595 1022 628 1084 Γ
649 1014 710 1085 τὸν
734 1026 779 1085 A·
807 1017 907 1103 λέγω,
939 1018 993 1087 ὅτι
1014 1018 1114 1087 nalo

101 1133 132 1191 A
154 1121 215 1190 τὸν
238 1129 267 1190 Β
290 1121 454 1210 μετρήσει.

50 1243 82 1290 10
172 1231 247 1296 Τῶν
283 1226 348 1313 γὰρ
385 1225 498 1295 αὐτῶν
533 1228 873 1296 κατασκευασθέντων
911 1225 1038 1315 ὁμοίως
1075 1225 1115 1315 δή

101 1337 270 1420 δείξομεν,
294 1330 347 1401 ὅτι
370 1335 405 1401 oc
425 1341 473 1418 A,
491 1341 535 1419 Θ,
553 1340 649 1419 Κ,Β
673 1335 749 1421 ἕξής
770 1331 943 1420 ἀνάλογόν
966 1338 1057 1402 εἰσιν
1080 1337 1114 1403 ἐν

100 1443 145 1530 τῷ
173 1443 235 1508 τοῦ
262 1444 295 1506 Γ
317 1437 402 1527 πρὸς
426 1438 488 1508 τὸν
516 1448 550 1508 A
576 1440 676 1532 λόγῳ.
719 1440 776 1508 καὶ
805 1440 874 1508 ἐπεὶ
898 1437 917 1509 6
942 1446 975 1508 Γ
992 1439 1059 1509 τὸν
1083 1449 1114 1508 Δ

101 1559 227 1634 μετρεῖ,
258 1551 319 1613 καί
342 1548 432 1614 ἐστιν
460 1543 506 1626 ὥς
529 1545 548 1614 6
571 1553 606 1615 Γ
626 1546 710 1635 πρὸς
735 1544 796 1615 τὸν
821 1555 869 1632 A,
897 1544 1008 1626 οὕτως
1035 1547 1056 1614 6
1085 1555 1115 1614 A

100 1649 184 1739 πρὸς
210 1650 271 1720 τὸν
298 1659 342 1738 Θ,
374 1653 430 1720 καὶ
458 1650 477 1720 6
505 1663 537 1721 A
563 1652 630 1740 ἄρα
651 1652 712 1721 τὸν
735 1660 765 1720 Θ
791 1665 916 1739 μετρεῖ·
944 1652 1031 1720 ὥστε
1060 1652 1116 1719 καὶ

51 1779 83 1827 15
101 1759 163 1827 τὸν
186 1766 215 1827 Β
238 1773 352 1847 μετρεῖ
372 1759 390 1827 6
416 1769 461 1827 Α·
485 1758 566 1846 ὅπερ
591 1765 658 1828 ἔδει
682 1762 797 1840 δεῖξαι.

580 1953 635 2025 ις’.

166 2075 254 2144 Ἐὰν
272 2077 521 2163 τετράγωνος
539 2075 713 2166 ἀριθμὸς
731 2078 984 2164 τετράγωνον
998 2072 1116 2162 ἀριθ-

102 2177 176 2266 μὸν
213 2179 262 2267 μή
300 2186 435 2269 μετρῇ,
472 2179 567 2250 οὐδὲ
602 2183 624 2268 ή
655 2181 804 2268 πλευρὰ
835 2180 906 2269 τήν
938 2181 1116 2269 πλευρὰν

102 2285 301 2372 μετρήσει·
333 2283 407 2353 κᾶν
438 2287 460 2372 ή
493 2287 645 2375 πλευρὰ
672 2287 742 2375 τήν
765 2284 939 2373 πλευρὰν
970 2285 1017 2373 μή
1050 2315 1116 2374 με·

50 2416 84 2463 20
102 2416 189 2477 τρη,
223 2389 359 2459 οὐδὲ
345 2419 362 2459 ο
391 2396 637 2480 τετραμωνος
663 2393 733 2462 τὸν
765 2392 1019 2478 τετράγωνον
1052 2420 1116 2480 με-

101 2497 247 2583 τρήσει.

159 2603 333 2672 Ἔστωσαν
360 2604 563 2691 τετράγωνοι
592 2602 798 2689 ἆριθμοὶῖ
763 2629 781 2670 ο
824 2612 872 2687 A,
895 2608 940 2686 Β,
973 2603 1117 2690 πλευραὶ

103 2710 140 2777 δὲ
163 2707 275 2777 αὐτῶν
298 2715 447 2778 ἔστωσαν
471 2714 506 2778 οῖ
527 2716 566 2793 Γ,
586 2721 629 2794 A,
652 2710 708 2775 καὶ
727 2707 771 2793 μή
791 2713 946 2794 μετρείτω
967 2707 985 2775 6
1006 2719 1040 2776 A
1057 2713 1119 2779 τὸν

103 2822 144 2880 Β·
168 2813 313 2898 λέγω,“
294 2838 346 2880 οτι
369 2811 487 2882 0666‘
473 2840 491 2881 ο
515 2814 597 2881 Γ
565 2839 627 2881 τον
649 2822 683 2881 A
706 2827 824 2900 μετρεῖ.

49 2941 84 2988 25
170 2922 215 2984 Εἰ
237 2916 301 3004 γὰρ
325 2932 438 3006 μετρεῖ
459 2919 477 2987 6
503 2925 535 2986 Γ
552 2917 613 2986 τὸν
637 2927 681 3004 A,
705 2918 859 3005 μετρήσει
881 2919 937 2985 καὶ
961 2917 979 2987 6
1004 2931 1038 2988 A
1056 2949 1118 2990 τον

103 3030 140 3091 Β.
187 3019 228 3090 οὐ
256 3037 369 3111 μετρεῖ
390 3024 427 3093 66
455 3022 474 3092 6
498 3034 530 3091 A
556 3023 616 3092 τὸν
638 3032 679 3090 Β·
708 3022 789 3093 0666
812 3024 878 3113 ἄρα
901 3025 920 3094 6
943 3032 976 3093 Γ
998 3025 1061 3096 τὸν
1084 3036 1118 3096 A

103 3129 265 3216 μετρήσει.

174 3322 419 3413 3.02]0m.V‹p.
511 3323 608 3378 5.ωεί
627 3324 690 3393 Vq).
782 3325 999 3396 6...Θ]οιιιφ
1093 3334 1115 3382 7.

103 3403 203 3483 μετρεῖ
221 3393 278 3483 ᾅρα
260 3390 390 3449 αιιαὶὸ
416 3391 1114 3467 ΓτόνΔ]ιη3.ω.1Ρ.9μετείσειφ

101 3474 142 3524 10.
163 3462 304 3537 αντόνφ.
391 3464 445 3539 δή]
464 3481 520 3520 om.
538 3466 571 3523 B
658 3472 700 3520 12.
717 3462 784 3536 mv]
800 3483 854 3523 om
873 3465 905 3522 Ρ.
991 3469 1114 3540 καθα]
