2348 3818
112 135 177 200 216
490 137 691 190 ΣΤΟΙΧΕΙΩΝ
709 133 744 202 ζ’·
777 194 782 205 .

112 275 196 364 πρὸς
221 275 282 344 τὸν
306 282 381 362 ΓΖ,
410 274 429 345 6
457 275 523 364 ἄρα
551 279 651 365 μέρος
678 279 769 346 ἐστὶν
798 276 816 346 6
839 285 907 346 AB
934 282 998 347 τοῦ
1021 273 1118 362 ΓΛῆ

112 384 212 469 μέρη,
240 381 277 449 τὸ
307 380 390 451 αὐτὸ
418 385 518 471 μέρος
545 383 615 452 ἐστὶ
642 383 698 450 καὶ
727 381 745 452 6
768 391 840 450 ΑΕ
864 388 926 452 τοῦ
948 389 1011 452 ΓΖ
1038 381 1060 470 ν’]
1085 380 1120 449 τὰ

113 486 198 555 αὐτὰ
221 489 313 577 μέρη.
349 489 406 555 καὶ
429 488 545 568 λοιπὸς
567 487 633 575 ἄρα
657 487 676 557 6
700 497 764 557 ΕΒ
783 491 905 558 λοιποῦ
921 493 985 558 τοῦ
1004 496 1070 557 ΖΔ
1087 486 1121 556 τὸ

113 590 195 660 αὐτὸ
219 595 318 682 μέρος
342 595 431 662 ἐστὶν
455 591 476 681 ἢ
499 596 594 681 μέρη,
618 592 701 682 ἅπερ
726 593 744 663 6
764 603 829 663 AB
851 599 913 663 τοῦ
932 601 1003 663 ΓΔ.
1036 586 1120 662 ἔστιν

78 696 179 785 5ἄροι
203 697 247 779 ὡς
271 697 288 767 ὁ
314 706 377 767 ΕΒ
400 697 483 787 πρὸς
505 698 565 768 τὸν
589 708 671 787 ΖΔ,
699 699 807 781 οὕτως
829 699 847 770 6
872 710 937 770 AB
960 701 1045 791 πρὸς
1066 699 1122 770 τὸν

112 811 186 872 ΓΔ·
221 803 302 892 ὅπερ
326 810 394 874 ἔδει
417 809 531 887 δεῖξαι.
764 822 768 826 ’

591 964 655 1051 ιβ’.

177 1085 264 1156 Ἐὰν
306 1081 402 1156 ὦσιν
445 1088 665 1158 ὁποσοιοῦν
703 1087 871 1178 ἀριθμοὶ
908 1088 1119 1174 ἀνάλογον,

114 1202 223 1264 ἔσται
261 1191 310 1274 ὡς
346 1188 402 1275 εἷς
438 1199 514 1262 τῶν
551 1193 784 1282 ἡγουμένων
820 1195 918 1283 πρὸς
950 1197 1022 1264 ἕνα
1053 1197 1118 1262 τῶν

62 1315 95 1363 10
114 1302 334 1387 ἑπομένων,
368 1299 491 1381 οὕτως
519 1298 689 1380 ἅπαντες
717 1304 756 1369 οἱ
781 1299 1003 1388 ἡγούμενοι
1033 1297 1119 1389 πρὸς

113 1405 288 1485 ἅπαντας
309 1405 401 1486 τοὺς
425 1408 651 1494 ἑπομένους.

170 1513 346 1579 Ἔστωσαν
375 1510 557 1581 ὁποσοιοῦν
585 1511 728 1602 ἀριθμοὶ
756 1510 927 1599 ἀνάλογον
956 1517 992 1581 οἱ
1017 1521 1065 1599 A,
1087 1518 1121 1596 Β,

113 1624 151 1702 Γ,
176 1627 219 1704 Δ,
244 1615 289 1696 ὡς
312 1615 330 1685 6
353 1628 386 1684 A
408 1618 491 1705 πρὸς
513 1618 574 1687 τὸν
598 1626 642 1703 Β,
667 1616 773 1698 οὕτως
796 1615 814 1685 6
838 1624 871 1685 Γ
889 1618 973 1707 πρὸς
995 1617 1057 1687 τὸν
1080 1625 1122 1685 Δ·

113 1725 214 1810 λέγω,
238 1721 290 1791 ὅτι
314 1726 403 1793 ἐστὶν
427 1723 471 1805 ὡς
494 1723 512 1793 6
536 1734 568 1791 A
591 1723 674 1811 πρὸς
695 1722 755 1792 τὸν
779 1731 819 1810 Β,
844 1722 950 1804 οὕτως
973 1728 1010 1791 οἱ
1031 1727 1128 1809 Α,Γ

61 1842 93 1890 15
113 1828 196 1916 πρὸς
217 1830 298 1909 τοὺς
320 1838 360 1915 Β,
385 1839 425 1897 Δ.

177 1934 267 2003 Ἐπεὶ
293 1937 359 2024 γάρ
384 1940 474 2004 ἐστιν
498 1933 544 2014 ὡς
567 1933 585 2001 6
608 1945 641 2001 A
664 1933 747 2022 πρὸς
769 1934 829 2003 τὸν
853 1943 897 2021 Β,
928 1933 1037 2015 οὕτως
1060 1932 1077 2002 6
1101 1939 1130 2002 Γ

113 2039 197 2126 πρὸς
223 2040 284 2107 τὸν
308 2048 357 2125 A,
386 2037 404 2106 6
428 2040 494 2126 ἄρα
517 2041 616 2128 μέρος
640 2042 729 2108 ἐστὶν
753 2039 772 2108 ὁ
795 2052 828 2108 Α
850 2044 911 2109 τοῦ
935 2048 964 2108 Β
987 2036 1009 2127 ἢ
1035 2040 1128 2128 μέρη,

113 2143 150 2211 τὸ
171 2142 253 2210 αὐτὸ
278 2146 378 2231 μέρος
401 2145 469 2212 ἐστὶ
492 2145 547 2211 καὶ
572 2142 589 2212 6
614 2151 646 2212 Γ
663 2149 725 2212 τοῦ
744 2153 778 2211 Δ
799 2141 821 2232 ἢ
844 2146 937 2232 μέρη.
975 2146 1033 2213 καὶ
1051 2167 1126 2214 συν-

114 2249 303 2336 αμφότερος
330 2248 396 2336 ἄρα
424 2247 441 2317 ὁ
466 2259 513 2335 A,
537 2254 570 2315 Γ
593 2251 849 2337 συναμφοτέρου
875 2254 937 2318 τοῦ
960 2258 1006 2336 Β,
1030 2260 1065 2319 Δ
1091 2249 1126 2319 τὸ

61 2371 95 2422 20
114 2352 197 2423 αὐτὸ
221 2356 320 2442 μέρος
344 2355 434 2422 ἐστὶν
456 2351 477 2442 ἢ
500 2353 541 2422 τὰ
565 2354 649 2423 αὐτὰ
673 2357 771 2444 μέρη,
799 2353 883 2443 ἅπερ
907 2353 925 2423 ὁ
950 2366 983 2422 Α
1006 2361 1070 2425 τοῦ
1091 2364 1127 2424 Β.

114 2466 204 2530 ἔστιν
232 2461 299 2548 ἄρα
322 2458 366 2541 ὡς
389 2458 408 2528 6
432 2468 465 2528 A
487 2460 570 2549 πρὸς
591 2462 652 2530 τὸν
675 2471 715 2548 Β,
739 2460 844 2543 οὕτως
868 2465 903 2530 οἱ
922 2470 971 2549 Α,
995 2469 1029 2531 Γ
1046 2464 1127 2551 πρὸς

112 2567 192 2648 τοὺς
215 2576 254 2655 Β,
280 2576 325 2634 Δ·
363 2564 443 2655 ὅπερ
467 2571 534 2635 ἔδει
559 2570 672 2649 δεῖξαι.

590 2772 650 2830 ιγ.

178 2864 265 2933 Ἐὰν
293 2868 478 2956 τέσσαρες
501 2867 671 2956 ἀριθμοὶ
694 2864 894 2954 ἀνάλογον
918 2859 1034 2955 οἷσιν,
1062 2869 1119 2936 καὶ

61 2989 96 3038 25
114 2970 282 3050 ἐναλλὰξ
306 2971 507 3059 ἀνάλογον
531 2979 700 3042 ἔσονται.

186 3146 258 3201 ΧΙΠ.
277 3147 387 3218 Philop.
406 3149 437 3204 in
455 3149 527 3204 anal.
546 3153 619 3219 post.
637 3151 687 3205 fol.
708 3156 749 3207 18.

187 3302 296 3379 Ῑπόν]
316 3323 369 3392 ορι.
389 3306 421 3361 V.
477 3314 501 3362 2.
522 3304 641 3362 έοτίνΓ.
697 3313 720 3364 3.
741 3307 849 3393 λοιπός]
864 3307 965 3365 λοιπόν
978 3328 1027 3398 μ’
1059 3311 1103 3361 ΖΔ

114 3382 165 3431 ΔΖ
183 3378 213 3433 Ρ.
286 3384 311 3431 4.
331 3377 415 3446 οπερ]
436 3398 501 3444 -περ
521 3396 589 3434 eras.
609 3381 639 3434 F.
704 3376 732 3451 6]
752 3381 794 3435 b1s
813 3399 840 3450 p.
911 3387 953 3435 12.
972 3384 1100 3446 αναλογον

107 3465 160 3503 om.
187 3448 399 3520 Vp,euan.F.
475 3446 716 3522 13.ὁΓ]οέφ.
789 3442 1099 3518 ὁΓ-14;3,οὕιωσ
