<?xml version="1.0" encoding="UTF-8"?>
<!DOCTYPE html PUBLIC "-//W3C//DTD XHTML 1.0 Transitional//EN"
    "http://www.w3.org/TR/xhtml1/DTD/xhtml1-transitional.dtd">
<html xmlns="http://www.w3.org/1999/xhtml" xml:lang="en" lang="en">
 <head>
  <title>
</title>
<meta http-equiv="Content-Type" content="text/html;charset=utf-8" />
  <meta name='ocr-system' content='tesseract 3.04.00' />
  <meta name='ocr-capabilities' content='ocr_page ocr_carea ocr_par ocr_line ocrx_word'/>
</head>
<body>
  <div class='ocr_page' id='page_1' title='image "./euclidisoperaom15unkngoog_0419.png"; bbox 0 0 2348 3818; ppageno 0'>
   <div class='ocr_carea' id='block_1_1' title="bbox 491 159 754 221">
    <p class='ocr_par' dir='ltr' id='par_1_1' title="bbox 491 159 754 221">
     <span class='ocr_line' id='line_1_1' title="bbox 491 159 754 221; baseline 0.011 -3"><span class='ocrx_word' id='word_1_1' title='bbox 491 165 691 220; x_wconf 79' lang='grc' dir='ltr'>ΣΤΟῙΧΕΙΩΝ</span> <span class='ocrx_word' id='word_1_2' title='bbox 709 159 754 221; x_wconf 70' lang='grc' dir='ltr'><strong><em>θ’.</em></strong></span> 
     </span>
    </p>
   </div>
   <div class='ocr_carea' id='block_1_2' title="bbox 61 359 1137 1763">
    <p class='ocr_par' dir='ltr' id='par_1_2' title="bbox 585 359 655 430">
     <span class='ocr_line' id='line_1_2' title="bbox 585 359 655 430; baseline 0 0"><span class='ocrx_word' id='word_1_3' title='bbox 585 359 655 430; x_wconf 58' lang='grc' dir='ltr'><strong><em>λάθ’.</em></strong></span> 
     </span>
    </p>

    <p class='ocr_par' dir='ltr' id='par_1_3' title="bbox 113 499 1136 804">
     <span class='ocr_line' id='line_1_3' title="bbox 178 499 1136 593; baseline 0.001 -22"><span class='ocrx_word' id='word_1_4' title='bbox 178 501 267 571; x_wconf 77' lang='grc' dir='ltr'><strong><em>Ἐὰν</em></strong></span> <span class='ocrx_word' id='word_1_5' title='bbox 298 504 488 593; x_wconf 86' lang='grc' dir='ltr'><strong><em>περισσὸς</em></strong></span> <span class='ocrx_word' id='word_1_6' title='bbox 520 501 693 592; x_wconf 77' lang='grc' dir='ltr'><strong><em>ἀριθμὸς</em></strong></span> <span class='ocrx_word' id='word_1_7' title='bbox 724 501 917 590; x_wconf 88' lang='grc' dir='ltr'><strong><em>περισσὸν</em></strong></span> <span class='ocrx_word' id='word_1_8' title='bbox 949 499 1136 591; x_wconf 76' lang='grc' dir='ltr'><strong><em>ἀριθμὸν</em></strong></span> 
     </span>
     <span class='ocr_line' id='line_1_4' title="bbox 113 607 1136 700; baseline 0.001 -23"><span class='ocrx_word' id='word_1_9' title='bbox 113 610 468 691; x_wconf 78' lang='grc' dir='ltr'><strong><em>πολλαπλασιάσας</em></strong></span> <span class='ocrx_word' id='word_1_10' title='bbox 497 615 590 700; x_wconf 75' lang='grc' dir='ltr'><strong><em>ποιῇ</em></strong></span> <span class='ocrx_word' id='word_1_11' title='bbox 624 635 730 696; x_wconf 86' lang='grc' dir='ltr'><strong><em>τινα,</em></strong></span> <span class='ocrx_word' id='word_1_12' title='bbox 764 607 782 678; x_wconf 96' lang='lat'><em>6</em></span> <span class='ocrx_word' id='word_1_13' title='bbox 815 609 1039 696; x_wconf 77' lang='grc' dir='ltr'><strong><em>γενόμενος</em></strong></span> <span class='ocrx_word' id='word_1_14' title='bbox 1072 633 1136 678; x_wconf 92' lang='grc' dir='ltr'><strong><em>πε-</em></strong></span> 
     </span>
     <span class='ocr_line' id='line_1_5' title="bbox 114 715 391 804; baseline 0.014 -22"><span class='ocrx_word' id='word_1_15' title='bbox 114 715 251 804; x_wconf 87' lang='grc' dir='ltr'><strong><em>ρισσὸς</em></strong></span> <span class='ocrx_word' id='word_1_16' title='bbox 274 723 391 787; x_wconf 81' lang='grc' dir='ltr'><strong><em>ἔσται.</em></strong></span> 
     </span>
    </p>

    <p class='ocr_par' dir='ltr' id='par_1_4' title="bbox 80 820 1137 1108">
     <span class='ocr_line' id='line_1_6' title="bbox 80 820 1135 912; baseline 0.008 -27"><span class='ocrx_word' id='word_1_17' title='bbox 80 835 96 885; x_wconf 79' lang='grc' dir='ltr'><strong><em>σ</em></strong></span> <span class='ocrx_word' id='word_1_18' title='bbox 186 824 351 911; x_wconf 81' lang='grc' dir='ltr'><strong><em>Περισσὸς</em></strong></span> <span class='ocrx_word' id='word_1_19' title='bbox 369 821 434 911; x_wconf 80' lang='grc' dir='ltr'><strong><em>γάρ</em></strong></span> <span class='ocrx_word' id='word_1_20' title='bbox 458 821 603 911; x_wconf 75' lang='grc' dir='ltr'><strong><em>ἀριθμὸς</em></strong></span> <span class='ocrx_word' id='word_1_21' title='bbox 627 820 645 892; x_wconf 95' lang='lat'><em>6</em></span> <span class='ocrx_word' id='word_1_22' title='bbox 669 833 701 891; x_wconf 88' lang='lat' dir='ltr'><em>A</em></span> <span class='ocrx_word' id='word_1_23' title='bbox 724 822 885 912; x_wconf 87' lang='grc' dir='ltr'><strong><em>περισσὸν</em></strong></span> <span class='ocrx_word' id='word_1_24' title='bbox 908 821 969 891; x_wconf 85' lang='grc' dir='ltr'><strong><em>τὸν</em></strong></span> <span class='ocrx_word' id='word_1_25' title='bbox 992 831 1025 891; x_wconf 91' lang='grc' dir='ltr'><strong><em>Β</em></strong></span> <span class='ocrx_word' id='word_1_26' title='bbox 1054 831 1135 893; x_wconf 90' lang='grc' dir='ltr'><strong><em>πολ-</em></strong></span> 
     </span>
     <span class='ocr_line' id='line_1_7' title="bbox 112 926 1137 1019; baseline 0.002 -22"><span class='ocrx_word' id='word_1_27' title='bbox 112 930 342 1012; x_wconf 89' lang='grc' dir='ltr'><strong><em>λαπλασιάσας</em></strong></span> <span class='ocrx_word' id='word_1_28' title='bbox 363 929 424 998; x_wconf 88' lang='grc' dir='ltr'><strong><em>τὸν</em></strong></span> <span class='ocrx_word' id='word_1_29' title='bbox 447 935 481 997; x_wconf 91' lang='grc' dir='ltr'>Γ</span> <span class='ocrx_word' id='word_1_30' title='bbox 497 935 645 998; x_wconf 85' lang='grc' dir='ltr'><strong><em>ποιείτω·</em></strong></span> <span class='ocrx_word' id='word_1_31' title='bbox 670 930 771 1016; x_wconf 81' lang='grc' dir='ltr'><strong><em>λέγω,</em></strong></span> <span class='ocrx_word' id='word_1_32' title='bbox 799 927 850 998; x_wconf 82' lang='grc' dir='ltr'><strong><em>ὅτι</em></strong></span> <span class='ocrx_word' id='word_1_33' title='bbox 874 926 892 997; x_wconf 98' lang='lat'><em>6</em></span> <span class='ocrx_word' id='word_1_34' title='bbox 917 934 950 996; x_wconf 92' lang='grc' dir='ltr'>Γ</span> <span class='ocrx_word' id='word_1_35' title='bbox 972 931 1137 1019; x_wconf 88' lang='grc' dir='ltr'><strong><em>περισσός</em></strong></span> 
     </span>
     <span class='ocr_line' id='line_1_8' title="bbox 114 1027 716 1108; baseline 0 -2"><span class='ocrx_word' id='word_1_36' title='bbox 114 1040 213 1108; x_wconf 78' lang='grc' dir='ltr'><strong><em>ἐστιν.</em></strong></span> <span class='ocrx_word' id='word_1_37' title='bbox 714 1027 716 1032; x_wconf 40' lang='grc'><strong>’</strong></span> 
     </span>
    </p>

    <p class='ocr_par' dir='ltr' id='par_1_5' title="bbox 113 1142 1133 1343">
     <span class='ocr_line' id='line_1_9' title="bbox 178 1142 1133 1232; baseline 0 -20"><span class='ocrx_word' id='word_1_38' title='bbox 178 1142 267 1213; x_wconf 79' lang='grc' dir='ltr'><strong><em>Ἐπεὶ</em></strong></span> <span class='ocrx_word' id='word_1_39' title='bbox 290 1143 355 1232; x_wconf 78' lang='grc' dir='ltr'><strong><em>γάρ</em></strong></span> <span class='ocrx_word' id='word_1_40' title='bbox 379 1143 397 1214; x_wconf 95' lang='lat'><em>6</em></span> <span class='ocrx_word' id='word_1_41' title='bbox 422 1153 454 1213; x_wconf 82' lang='lat' dir='ltr'><em>A</em></span> <span class='ocrx_word' id='word_1_42' title='bbox 476 1143 537 1213; x_wconf 85' lang='grc' dir='ltr'><strong><em>τὸν</em></strong></span> <span class='ocrx_word' id='word_1_43' title='bbox 561 1153 589 1212; x_wconf 92' lang='grc' dir='ltr'><strong><em>Β</em></strong></span> <span class='ocrx_word' id='word_1_44' title='bbox 612 1143 906 1223; x_wconf 77' lang='grc' dir='ltr'><strong><em>πολλαπλασιάσας</em></strong></span> <span class='ocrx_word' id='word_1_45' title='bbox 928 1143 991 1211; x_wconf 86' lang='grc' dir='ltr'><strong><em>τὸν</em></strong></span> <span class='ocrx_word' id='word_1_46' title='bbox 1022 1150 1057 1212; x_wconf 95' lang='grc' dir='ltr'>Γ</span> <span class='ocrx_word' id='word_1_47' title='bbox 1080 1167 1133 1212; x_wconf 90' lang='grc' dir='ltr'><strong><em>πε-</em></strong></span> 
     </span>
     <span class='ocr_line' id='line_1_10' title="bbox 113 1248 1132 1343; baseline 0 -25"><span class='ocrx_word' id='word_1_48' title='bbox 113 1257 266 1338; x_wconf 84' lang='grc' dir='ltr'><strong><em>ποίηκεν,</em></strong></span> <span class='ocrx_word' id='word_1_49' title='bbox 298 1248 316 1319; x_wconf 91' lang='lat'><em>6</em></span> <span class='ocrx_word' id='word_1_50' title='bbox 347 1257 379 1318; x_wconf 92' lang='grc' dir='ltr'><strong><em>Γ</em></strong></span> <span class='ocrx_word' id='word_1_51' title='bbox 406 1248 473 1339; x_wconf 73' lang='grc' dir='ltr'><strong><em>ἄρα</em></strong></span> <span class='ocrx_word' id='word_1_52' title='bbox 502 1249 674 1338; x_wconf 82' lang='grc' dir='ltr'><strong><em>σύγκειται</em></strong></span> <span class='ocrx_word' id='word_1_53' title='bbox 705 1253 741 1319; x_wconf 79' lang='grc' dir='ltr'><strong><em>ἐκ</em></strong></span> <span class='ocrx_word' id='word_1_54' title='bbox 767 1248 940 1318; x_wconf 78' lang='grc' dir='ltr'><strong><em>τοσούτων</em></strong></span> <span class='ocrx_word' id='word_1_55' title='bbox 970 1256 1058 1317; x_wconf 72' lang='grc' dir='ltr'><strong><em>ἴσον</em></strong></span> <span class='ocrx_word' id='word_1_56' title='bbox 1087 1254 1132 1343; x_wconf 75' lang='grc' dir='ltr'><strong><em>τῷ</em></strong></span> 
     </span>
    </p>

    <p class='ocr_par' dir='ltr' id='par_1_6' title="bbox 61 1354 1135 1763">
     <span class='ocr_line' id='line_1_11' title="bbox 61 1354 1133 1450; baseline 0.001 -26"><span class='ocrx_word' id='word_1_57' title='bbox 61 1375 94 1425; x_wconf 84' lang='grc'><strong><em>10</em></strong></span> <span class='ocrx_word' id='word_1_58' title='bbox 114 1364 157 1442; x_wconf 82' lang='grc' dir='ltr'><strong><em>Β,</em></strong></span> <span class='ocrx_word' id='word_1_59' title='bbox 182 1354 260 1424; x_wconf 83' lang='grc' dir='ltr'><strong><em>ὅσαι</em></strong></span> <span class='ocrx_word' id='word_1_60' title='bbox 283 1355 369 1424; x_wconf 82' lang='grc' dir='ltr'><strong><em>εἰσὶν</em></strong></span> <span class='ocrx_word' id='word_1_61' title='bbox 394 1359 431 1424; x_wconf 80' lang='grc' dir='ltr'><strong><em>ἐν</em></strong></span> <span class='ocrx_word' id='word_1_62' title='bbox 452 1360 498 1450; x_wconf 76' lang='grc' dir='ltr'><strong><em>τῷ</em></strong></span> <span class='ocrx_word' id='word_1_63' title='bbox 522 1365 555 1424; x_wconf 92' lang='lat' dir='ltr'><em>A</em></span> <span class='ocrx_word' id='word_1_64' title='bbox 577 1355 730 1444; x_wconf 79' lang='grc' dir='ltr'><strong><em>μονάδες.</em></strong></span> <span class='ocrx_word' id='word_1_65' title='bbox 775 1361 834 1424; x_wconf 84' lang='grc' dir='ltr'><strong><em>καί</em></strong></span> <span class='ocrx_word' id='word_1_66' title='bbox 855 1358 945 1424; x_wconf 81' lang='grc' dir='ltr'><strong><em>ἐστιν</em></strong></span> <span class='ocrx_word' id='word_1_67' title='bbox 975 1355 1133 1446; x_wconf 83' lang='grc' dir='ltr'><strong><em>ἑκάτερος</em></strong></span> 
     </span>
     <span class='ocr_line' id='line_1_12' title="bbox 132 1459 1131 1550; baseline 0.003 -22"><span class='ocrx_word' id='word_1_68' title='bbox 132 1465 181 1529; x_wconf 81' lang='grc' dir='ltr'><strong><em>ὥν</em></strong></span> <span class='ocrx_word' id='word_1_69' title='bbox 204 1470 250 1547; x_wconf 83' lang='lat' dir='ltr'><strong><em>A,</em></strong></span> <span class='ocrx_word' id='word_1_70' title='bbox 269 1468 298 1528; x_wconf 92' lang='lat' dir='ltr'><em>B</em></span> <span class='ocrx_word' id='word_1_71' title='bbox 322 1463 489 1550; x_wconf 88' lang='grc' dir='ltr'><strong><em>περισσός·</em></strong></span> <span class='ocrx_word' id='word_1_72' title='bbox 519 1459 537 1531; x_wconf 93' lang='lat'><em>6</em></span> <span class='ocrx_word' id='word_1_73' title='bbox 561 1470 593 1531; x_wconf 90' lang='grc' dir='ltr'><strong><em>Γ</em></strong></span> <span class='ocrx_word' id='word_1_74' title='bbox 612 1461 679 1550; x_wconf 86' lang='grc' dir='ltr'><strong><em>άρα</em></strong></span> <span class='ocrx_word' id='word_1_75' title='bbox 701 1461 871 1548; x_wconf 79' lang='grc' dir='ltr'><strong><em>σύγκειται</em></strong></span> <span class='ocrx_word' id='word_1_76' title='bbox 894 1463 930 1529; x_wconf 80' lang='grc' dir='ltr'><strong><em>ἐκ</em></strong></span> <span class='ocrx_word' id='word_1_77' title='bbox 957 1466 1131 1550; x_wconf 78' lang='grc' dir='ltr'><strong><em>περισσάν</em></strong></span> 
     </span>
     <span class='ocr_line' id='line_1_13' title="bbox 113 1559 1135 1657; baseline 0.003 -24"><span class='ocrx_word' id='word_1_78' title='bbox 113 1571 286 1655; x_wconf 79' lang='grc' dir='ltr'><strong><em>αριθμῶν,</em></strong></span> <span class='ocrx_word' id='word_1_79' title='bbox 316 1559 365 1638; x_wconf 82' lang='grc' dir='ltr'><strong><em>άν</em></strong></span> <span class='ocrx_word' id='word_1_80' title='bbox 391 1566 430 1637; x_wconf 89' lang='grc' dir='ltr'><strong><em>τὸ</em></strong></span> <span class='ocrx_word' id='word_1_81' title='bbox 458 1574 590 1656; x_wconf 74' lang='grc' dir='ltr'><strong><em>πλῆθος</em></strong></span> <span class='ocrx_word' id='word_1_82' title='bbox 615 1568 778 1657; x_wconf 89' lang='grc' dir='ltr'><strong><em>περισσόν</em></strong></span> <span class='ocrx_word' id='word_1_83' title='bbox 805 1570 904 1637; x_wconf 80' lang='grc' dir='ltr'><strong><em>ἐστιν.</em></strong></span> <span class='ocrx_word' id='word_1_84' title='bbox 946 1566 1034 1636; x_wconf 75' lang='grc' dir='ltr'><strong><em>ὥστε</em></strong></span> <span class='ocrx_word' id='word_1_85' title='bbox 1064 1567 1082 1636; x_wconf 95' lang='lat'><em>6</em></span> <span class='ocrx_word' id='word_1_86' title='bbox 1106 1575 1135 1637; x_wconf 89' lang='grc' dir='ltr'>Γ</span> 
     </span>
     <span class='ocr_line' id='line_1_14' title="bbox 113 1673 732 1763; baseline 0.002 -20"><span class='ocrx_word' id='word_1_87' title='bbox 113 1673 270 1763; x_wconf 88' lang='grc' dir='ltr'><strong><em>περισσός</em></strong></span> <span class='ocrx_word' id='word_1_88' title='bbox 293 1677 397 1743; x_wconf 83' lang='grc' dir='ltr'><strong><em>ἐστιν·</em></strong></span> <span class='ocrx_word' id='word_1_89' title='bbox 422 1673 503 1763; x_wconf 85' lang='grc' dir='ltr'><strong><em>ὅπερ</em></strong></span> <span class='ocrx_word' id='word_1_90' title='bbox 526 1680 594 1744; x_wconf 76' lang='grc' dir='ltr'><strong><em>ἔδει</em></strong></span> <span class='ocrx_word' id='word_1_91' title='bbox 618 1677 732 1757; x_wconf 77' lang='grc' dir='ltr'><strong><em>δεῖξαι.</em></strong></span> 
     </span>
    </p>
   </div>
   <div class='ocr_carea' id='block_1_3' title="bbox 60 1889 1133 3160">
    <p class='ocr_par' dir='ltr' id='par_1_7' title="bbox 60 1889 1133 3160">
     <span class='ocr_line' id='line_1_15' title="bbox 599 1889 641 1954; baseline 0 0"><span class='ocrx_word' id='word_1_92' title='bbox 599 1889 641 1954; x_wconf 80' lang='grc' dir='ltr'><strong><em>λ’.</em></strong></span> 
     </span>
     <span class='ocr_line' id='line_1_16' title="bbox 63 2009 1130 2102; baseline 0.001 -25"><span class='ocrx_word' id='word_1_93' title='bbox 63 2028 96 2078; x_wconf 80' lang='lat'><strong><em>15</em></strong></span> <span class='ocrx_word' id='word_1_94' title='bbox 180 2010 268 2080; x_wconf 82' lang='grc' dir='ltr'><strong><em>Ἐὰν</em></strong></span> <span class='ocrx_word' id='word_1_95' title='bbox 292 2010 480 2102; x_wconf 85' lang='grc' dir='ltr'><strong><em>περισσὸς</em></strong></span> <span class='ocrx_word' id='word_1_96' title='bbox 503 2009 676 2101; x_wconf 74' lang='grc' dir='ltr'><strong><em>ἀριθμὸς</em></strong></span> <span class='ocrx_word' id='word_1_97' title='bbox 697 2009 838 2099; x_wconf 85' lang='grc' dir='ltr'><strong><em>άρτιον</em></strong></span> <span class='ocrx_word' id='word_1_98' title='bbox 861 2009 1043 2098; x_wconf 76' lang='grc' dir='ltr'><strong><em>άριθμὸν</em></strong></span> <span class='ocrx_word' id='word_1_99' title='bbox 1069 2038 1130 2098; x_wconf 86' lang='grc' dir='ltr'><strong><em>με·</em></strong></span> 
     </span>
     <span class='ocr_line' id='line_1_17' title="bbox 113 2115 912 2208; baseline -0.001 -22"><span class='ocrx_word' id='word_1_100' title='bbox 113 2123 198 2208; x_wconf 78' lang='grc' dir='ltr'><strong><em>τρῇ,</em></strong></span> <span class='ocrx_word' id='word_1_101' title='bbox 221 2118 376 2188; x_wconf 83' lang='grc' dir='ltr'><strong><em>καὶτὸν</em></strong></span> <span class='ocrx_word' id='word_1_102' title='bbox 400 2116 547 2204; x_wconf 78' lang='grc' dir='ltr'><strong><em>ἥμισυν</em></strong></span> <span class='ocrx_word' id='word_1_103' title='bbox 571 2115 694 2184; x_wconf 82' lang='grc' dir='ltr'><strong><em>αὐτοῦ</em></strong></span> <span class='ocrx_word' id='word_1_104' title='bbox 718 2117 912 2204; x_wconf 81' lang='grc' dir='ltr'><strong><em>μετρήσει.</em></strong></span> 
     </span>
     <span class='ocr_line' id='line_1_18' title="bbox 180 2220 1130 2313; baseline -0.004 -20"><span class='ocrx_word' id='word_1_105' title='bbox 180 2222 347 2313; x_wconf 79' lang='grc' dir='ltr'><strong><em>Περισσὸς</em></strong></span> <span class='ocrx_word' id='word_1_106' title='bbox 378 2224 442 2312; x_wconf 78' lang='grc' dir='ltr'><strong><em>γὰρ</em></strong></span> <span class='ocrx_word' id='word_1_107' title='bbox 475 2221 620 2311; x_wconf 81' lang='grc' dir='ltr'><strong><em>ἀριθμὸς</em></strong></span> <span class='ocrx_word' id='word_1_108' title='bbox 653 2220 671 2290; x_wconf 93' lang='lat'><em>6</em></span> <span class='ocrx_word' id='word_1_109' title='bbox 705 2232 737 2290; x_wconf 93' lang='lat' dir='ltr'><em>A</em></span> <span class='ocrx_word' id='word_1_110' title='bbox 768 2221 886 2312; x_wconf 88' lang='grc' dir='ltr'><strong><em>άρτιον</em></strong></span> <span class='ocrx_word' id='word_1_111' title='bbox 917 2220 978 2291; x_wconf 83' lang='grc' dir='ltr'><strong><em>τὸν</em></strong></span> <span class='ocrx_word' id='word_1_112' title='bbox 1012 2229 1042 2289; x_wconf 89' lang='grc' dir='ltr'>Β</span> <span class='ocrx_word' id='word_1_113' title='bbox 1077 2249 1130 2309; x_wconf 90' lang='grc' dir='ltr'><strong><em>με-</em></strong></span> 
     </span>
     <span class='ocr_line' id='line_1_19' title="bbox 113 2326 1077 2418; baseline -0.001 -21"><span class='ocrx_word' id='word_1_114' title='bbox 113 2336 242 2418; x_wconf 82' lang='grc' dir='ltr'><strong><em>τρείτω·</em></strong></span> <span class='ocrx_word' id='word_1_115' title='bbox 266 2330 367 2415; x_wconf 82' lang='grc' dir='ltr'><strong><em>λέγω,</em></strong></span> <span class='ocrx_word' id='word_1_116' title='bbox 393 2327 445 2398; x_wconf 84' lang='grc' dir='ltr'><strong><em>ὅτι</em></strong></span> <span class='ocrx_word' id='word_1_117' title='bbox 467 2330 523 2397; x_wconf 78' lang='grc' dir='ltr'><strong><em>καὶ</em></strong></span> <span class='ocrx_word' id='word_1_118' title='bbox 544 2327 606 2397; x_wconf 84' lang='grc' dir='ltr'><strong><em>τὸν</em></strong></span> <span class='ocrx_word' id='word_1_119' title='bbox 630 2326 755 2416; x_wconf 77' lang='grc' dir='ltr'><strong><em>ἥμισυν</em></strong></span> <span class='ocrx_word' id='word_1_120' title='bbox 779 2327 884 2397; x_wconf 83' lang='grc' dir='ltr'><strong><em>αὐτοῦ</em></strong></span> <span class='ocrx_word' id='word_1_121' title='bbox 908 2328 1077 2416; x_wconf 80' lang='grc' dir='ltr'><strong><em>μετρήσει.</em></strong></span> 
     </span>
     <span class='ocr_line' id='line_1_20' title="bbox 177 2432 1130 2524; baseline -0.001 -20"><span class='ocrx_word' id='word_1_122' title='bbox 177 2434 266 2504; x_wconf 83' lang='grc' dir='ltr'><strong><em>Ἐπεὶ</em></strong></span> <span class='ocrx_word' id='word_1_123' title='bbox 287 2434 353 2524; x_wconf 79' lang='grc' dir='ltr'><strong><em>γάρ</em></strong></span> <span class='ocrx_word' id='word_1_124' title='bbox 378 2434 396 2504; x_wconf 94' lang='lat'><em>6</em></span> <span class='ocrx_word' id='word_1_125' title='bbox 419 2444 452 2503; x_wconf 88' lang='lat' dir='ltr'><em>A</em></span> <span class='ocrx_word' id='word_1_126' title='bbox 473 2434 534 2504; x_wconf 88' lang='grc' dir='ltr'><strong><em>τὸν</em></strong></span> <span class='ocrx_word' id='word_1_127' title='bbox 553 2443 581 2504; x_wconf 94' lang='grc' dir='ltr'><strong><em>Β</em></strong></span> <span class='ocrx_word' id='word_1_128' title='bbox 605 2448 731 2523; x_wconf 77' lang='grc' dir='ltr'><strong><em>μετρεῖ,</em></strong></span> <span class='ocrx_word' id='word_1_129' title='bbox 760 2440 915 2522; x_wconf 85' lang='grc' dir='ltr'><strong><em>μετρείτω</em></strong></span> <span class='ocrx_word' id='word_1_130' title='bbox 940 2432 1050 2502; x_wconf 82' lang='grc' dir='ltr'><strong><em>αὐτὸν</em></strong></span> <span class='ocrx_word' id='word_1_131' title='bbox 1074 2462 1130 2503; x_wconf 89' lang='grc' dir='ltr'><strong><em>κα-</em></strong></span> 
     </span>
     <span class='ocr_line' id='line_1_21' title="bbox 61 2538 1130 2629; baseline -0.002 -19"><span class='ocrx_word' id='word_1_132' title='bbox 61 2561 95 2610; x_wconf 88' lang='grc'><strong><em>20</em></strong></span> <span class='ocrx_word' id='word_1_133' title='bbox 113 2544 153 2612; x_wconf 80' lang='grc' dir='ltr'><strong><em>τὰ</em></strong></span> <span class='ocrx_word' id='word_1_134' title='bbox 176 2542 237 2613; x_wconf 88' lang='grc' dir='ltr'><strong><em>τὸν</em></strong></span> <span class='ocrx_word' id='word_1_135' title='bbox 259 2550 299 2612; x_wconf 93' lang='grc' dir='ltr'><strong><em>Γ·</em></strong></span> <span class='ocrx_word' id='word_1_136' title='bbox 322 2544 424 2628; x_wconf 78' lang='grc' dir='ltr'><strong><em>λέγω,</em></strong></span> <span class='ocrx_word' id='word_1_137' title='bbox 448 2539 499 2609; x_wconf 84' lang='grc' dir='ltr'><strong><em>ὅτι</em></strong></span> <span class='ocrx_word' id='word_1_138' title='bbox 523 2538 540 2609; x_wconf 90' lang='lat'><em>6</em></span> <span class='ocrx_word' id='word_1_139' title='bbox 565 2548 599 2608; x_wconf 95' lang='grc' dir='ltr'><strong><em>Γ</em></strong></span> <span class='ocrx_word' id='word_1_140' title='bbox 616 2539 678 2609; x_wconf 88' lang='grc' dir='ltr'><strong><em>οὐκ</em></strong></span> <span class='ocrx_word' id='word_1_141' title='bbox 701 2545 770 2610; x_wconf 81' lang='grc' dir='ltr'><strong><em>ἔστι</em></strong></span> <span class='ocrx_word' id='word_1_142' title='bbox 793 2540 957 2629; x_wconf 87' lang='grc' dir='ltr'><strong><em>περισσός.</em></strong></span> <span class='ocrx_word' id='word_1_143' title='bbox 1004 2545 1038 2608; x_wconf 81' lang='grc' dir='ltr'><strong><em>εἰ</em></strong></span> <span class='ocrx_word' id='word_1_144' title='bbox 1065 2541 1130 2628; x_wconf 79' lang='grc' dir='ltr'><strong><em>γάρ</em></strong></span> 
     </span>
     <span class='ocr_line' id='line_1_22' title="bbox 114 2643 1131 2735; baseline -0.006 -17"><span class='ocrx_word' id='word_1_145' title='bbox 114 2649 276 2735; x_wconf 77' lang='grc' dir='ltr'><strong><em>δυνατόν,</em></strong></span> <span class='ocrx_word' id='word_1_146' title='bbox 309 2653 401 2717; x_wconf 82' lang='grc' dir='ltr'><strong><em>ἔστω.</em></strong></span> <span class='ocrx_word' id='word_1_147' title='bbox 452 2647 508 2716; x_wconf 81' lang='grc' dir='ltr'><strong><em>καὶ</em></strong></span> <span class='ocrx_word' id='word_1_148' title='bbox 538 2645 608 2714; x_wconf 82' lang='grc' dir='ltr'><strong><em>ἐπεὶ</em></strong></span> <span class='ocrx_word' id='word_1_149' title='bbox 640 2643 659 2714; x_wconf 92' lang='lat'><em>6</em></span> <span class='ocrx_word' id='word_1_150' title='bbox 691 2656 724 2715; x_wconf 90' lang='lat' dir='ltr'><em>A</em></span> <span class='ocrx_word' id='word_1_151' title='bbox 756 2644 816 2714; x_wconf 81' lang='grc' dir='ltr'><strong><em>τὸν</em></strong></span> <span class='ocrx_word' id='word_1_152' title='bbox 843 2654 871 2713; x_wconf 90' lang='grc' dir='ltr'><strong><em>Β</em></strong></span> <span class='ocrx_word' id='word_1_153' title='bbox 905 2659 1020 2733; x_wconf 74' lang='grc' dir='ltr'><strong><em>μετρεῖ</em></strong></span> <span class='ocrx_word' id='word_1_154' title='bbox 1047 2645 1131 2714; x_wconf 79' lang='grc' dir='ltr'><strong><em>κατὰ</em></strong></span> 
     </span>
     <span class='ocr_line' id='line_1_23' title="bbox 113 2750 1130 2841; baseline -0.001 -19"><span class='ocrx_word' id='word_1_155' title='bbox 113 2754 172 2824; x_wconf 86' lang='grc' dir='ltr'><strong><em>τὸν</em></strong></span> <span class='ocrx_word' id='word_1_156' title='bbox 204 2761 245 2841; x_wconf 85' lang='grc' dir='ltr'><strong><em>Γ,</em></strong></span> <span class='ocrx_word' id='word_1_157' title='bbox 279 2753 297 2823; x_wconf 93' lang='lat'><em>6</em></span> <span class='ocrx_word' id='word_1_158' title='bbox 325 2764 357 2822; x_wconf 98' lang='lat' dir='ltr'><em>A</em></span> <span class='ocrx_word' id='word_1_159' title='bbox 385 2753 451 2840; x_wconf 88' lang='grc' dir='ltr'><strong><em>άρα</em></strong></span> <span class='ocrx_word' id='word_1_160' title='bbox 477 2753 538 2821; x_wconf 87' lang='grc' dir='ltr'><strong><em>τὸν</em></strong></span> <span class='ocrx_word' id='word_1_161' title='bbox 566 2759 599 2820; x_wconf 94' lang='grc' dir='ltr'>Γ</span> <span class='ocrx_word' id='word_1_162' title='bbox 620 2752 914 2832; x_wconf 90' lang='grc' dir='ltr'><strong><em>πολλαπλασιάσας</em></strong></span> <span class='ocrx_word' id='word_1_163' title='bbox 935 2750 996 2819; x_wconf 87' lang='grc' dir='ltr'><strong><em>τὸν</em></strong></span> <span class='ocrx_word' id='word_1_164' title='bbox 1021 2760 1052 2820; x_wconf 90' lang='grc' dir='ltr'><strong><em>Β</em></strong></span> <span class='ocrx_word' id='word_1_165' title='bbox 1078 2778 1130 2821; x_wconf 89' lang='grc' dir='ltr'><strong><em>πε-</em></strong></span> 
     </span>
     <span class='ocr_line' id='line_1_24' title="bbox 113 2855 1132 2947; baseline -0.001 -19"><span class='ocrx_word' id='word_1_166' title='bbox 113 2865 260 2946; x_wconf 83' lang='grc' dir='ltr'><strong><em>ποίηκεν.</em></strong></span> <span class='ocrx_word' id='word_1_167' title='bbox 306 2857 324 2926; x_wconf 93' lang='lat'><em>6</em></span> <span class='ocrx_word' id='word_1_168' title='bbox 352 2867 380 2926; x_wconf 98' lang='grc' dir='ltr'><strong><em>Β</em></strong></span> <span class='ocrx_word' id='word_1_169' title='bbox 411 2860 477 2947; x_wconf 77' lang='grc' dir='ltr'><strong><em>ἄρα</em></strong></span> <span class='ocrx_word' id='word_1_170' title='bbox 504 2858 674 2946; x_wconf 75' lang='grc' dir='ltr'><strong><em>σύγκειται</em></strong></span> <span class='ocrx_word' id='word_1_171' title='bbox 698 2861 734 2926; x_wconf 79' lang='grc' dir='ltr'><strong><em>ἐκ</em></strong></span> <span class='ocrx_word' id='word_1_172' title='bbox 760 2862 928 2947; x_wconf 78' lang='grc' dir='ltr'><strong><em>περισσάν</em></strong></span> <span class='ocrx_word' id='word_1_173' title='bbox 956 2855 1132 2946; x_wconf 76' lang='grc' dir='ltr'><strong><em>άριθμῶν,</em></strong></span> 
     </span>
     <span class='ocr_line' id='line_1_25' title="bbox 114 2958 1133 3053; baseline 0 -19"><span class='ocrx_word' id='word_1_174' title='bbox 114 2958 163 3035; x_wconf 77' lang='grc' dir='ltr'><strong><em>ὧν</em></strong></span> <span class='ocrx_word' id='word_1_175' title='bbox 186 2964 223 3033; x_wconf 91' lang='grc' dir='ltr'><strong><em>τὸ</em></strong></span> <span class='ocrx_word' id='word_1_176' title='bbox 257 2969 388 3052; x_wconf 74' lang='grc' dir='ltr'><strong><em>πλῆθος</em></strong></span> <span class='ocrx_word' id='word_1_177' title='bbox 420 2964 580 3053; x_wconf 86' lang='grc' dir='ltr'><strong><em>περισσόν</em></strong></span> <span class='ocrx_word' id='word_1_178' title='bbox 613 2967 711 3033; x_wconf 82' lang='grc' dir='ltr'><strong><em>ἐστιν.</em></strong></span> <span class='ocrx_word' id='word_1_179' title='bbox 758 2962 776 3032; x_wconf 94' lang='lat'><em>6</em></span> <span class='ocrx_word' id='word_1_180' title='bbox 810 2972 838 3031; x_wconf 97' lang='grc' dir='ltr'><strong><em>Β</em></strong></span> <span class='ocrx_word' id='word_1_181' title='bbox 871 2963 937 3052; x_wconf 85' lang='grc' dir='ltr'><strong><em>άρα</em></strong></span> <span class='ocrx_word' id='word_1_182' title='bbox 969 2967 1133 3052; x_wconf 86' lang='grc' dir='ltr'><strong><em>περισσός</em></strong></span> 
     </span>
     <span class='ocr_line' id='line_1_26' title="bbox 60 3067 1133 3160; baseline 0.001 -22"><span class='ocrx_word' id='word_1_183' title='bbox 60 3090 95 3140; x_wconf 78' lang='lat'><strong><em>25</em></strong></span> <span class='ocrx_word' id='word_1_184' title='bbox 114 3074 217 3140; x_wconf 78' lang='grc' dir='ltr'><strong><em>ἐστιν’</em></strong></span> <span class='ocrx_word' id='word_1_185' title='bbox 250 3069 331 3159; x_wconf 86' lang='grc' dir='ltr'><strong><em>ὅπερ</em></strong></span> <span class='ocrx_word' id='word_1_186' title='bbox 355 3069 495 3139; x_wconf 84' lang='grc' dir='ltr'><strong><em>άτοπον·</em></strong></span> <span class='ocrx_word' id='word_1_187' title='bbox 518 3068 689 3139; x_wconf 82' lang='grc' dir='ltr'><strong><em>ὑπόκειται</em></strong></span> <span class='ocrx_word' id='word_1_188' title='bbox 717 3069 782 3158; x_wconf 78' lang='grc' dir='ltr'><strong><em>γὰρ</em></strong></span> <span class='ocrx_word' id='word_1_189' title='bbox 810 3068 932 3157; x_wconf 88' lang='grc' dir='ltr'><strong><em>άρτιος.</em></strong></span> <span class='ocrx_word' id='word_1_190' title='bbox 975 3067 1041 3139; x_wconf 83' lang='grc' dir='ltr'><strong><em>οὐκ</em></strong></span> <span class='ocrx_word' id='word_1_191' title='bbox 1066 3071 1133 3160; x_wconf 85' lang='grc' dir='ltr'><strong><em>άρα</em></strong></span> 
     </span>
    </p>
   </div>
   <div class='ocr_carea' id='block_1_4' title="bbox 98 3277 1135 3573">
    <p class='ocr_par' dir='ltr' id='par_1_8' title="bbox 98 3277 1135 3573">
     <span class='ocr_line' id='line_1_27' title="bbox 186 3277 1133 3371; baseline -0.002 -29"><span class='ocrx_word' id='word_1_192' title='bbox 186 3294 209 3342; x_wconf 88' lang='grc'><strong><em>3.</em></strong></span> <span class='ocrx_word' id='word_1_193' title='bbox 230 3285 359 3353; x_wconf 74' lang='grc' dir='ltr'><strong><em>ποιεῖΒ,</em></strong></span> <span class='ocrx_word' id='word_1_194' title='bbox 378 3285 426 3339; x_wconf 82' lang='lat' dir='ltr'><strong><em>sed</em></strong></span> <span class='ocrx_word' id='word_1_195' title='bbox 445 3302 514 3340; x_wconf 82' lang='lat' dir='ltr'>corr.</span> <span class='ocrx_word' id='word_1_196' title='bbox 588 3290 630 3340; x_wconf 86' lang='grc'><strong><em>12.</em></strong></span> <span class='ocrx_word' id='word_1_197' title='bbox 650 3277 707 3371; x_wconf 74' lang='grc' dir='ltr'><strong><em>ὧν]</em></strong></span> <span class='ocrx_word' id='word_1_198' title='bbox 727 3300 781 3339; x_wconf 89' lang='lat' dir='ltr'><strong><em>om.</em></strong></span> <span class='ocrx_word' id='word_1_199' title='bbox 800 3282 837 3350; x_wconf 88' lang='lat' dir='ltr'><strong><em>B,</em></strong></span> <span class='ocrx_word' id='word_1_200' title='bbox 855 3302 908 3351; x_wconf 87' lang='grc' dir='ltr'><strong><em>περ</em></strong></span> <span class='ocrx_word' id='word_1_201' title='bbox 910 3283 995 3337; x_wconf 84' lang='grc' dir='ltr'><strong><em>ισσῶν</em></strong></span> <span class='ocrx_word' id='word_1_202' title='bbox 1015 3283 1044 3337; x_wconf 89' lang='lat' dir='ltr'><strong>V</strong></span> <span class='ocrx_word' id='word_1_203' title='bbox 1064 3303 1103 3340; x_wconf 93' lang='lat' dir='ltr'><strong>m</strong></span> <span class='ocrx_word' id='word_1_204' title='bbox 1118 3292 1133 3340; x_wconf 90' lang='grc'><strong>2</strong></span> 
     </span>
     <span class='ocr_line' id='line_1_28' title="bbox 114 3304 1135 3480; baseline -0.004 -64"><span class='ocrx_word' id='word_1_205' title='bbox 114 3376 217 3416; x_wconf 83' lang='lat' dir='ltr'>ecorr.</span> <span class='ocrx_word' id='word_1_206' title='bbox 307 3328 359 3442; x_wconf 87' lang='grc' dir='ltr'><strong><em>τό]</em></strong></span> <span class='ocrx_word' id='word_1_207' title='bbox 375 3373 412 3410; x_wconf 90' lang='lat' dir='ltr'><strong><em>m.</em></strong></span> <span class='ocrx_word' id='word_1_208' title='bbox 432 3355 501 3410; x_wconf 80' lang='lat' dir='ltr'><strong><em>2V</em></strong></span> <span class='ocrx_word' id='word_1_209' title='bbox 591 3373 724 3424; x_wconf 87' lang='grc' dir='ltr'><strong><em>περισσον</em></strong></span> <span class='ocrx_word' id='word_1_210' title='bbox 744 3324 871 3480; x_wconf 66' lang='grc' dir='ltr'><strong><em>ἐστινρὸ</em></strong></span> <span class='ocrx_word' id='word_1_211' title='bbox 893 3304 924 3410; x_wconf 58' lang='lat'><strong><em>66</em></strong></span> <span class='ocrx_word' id='word_1_212' title='bbox 945 3357 1135 3446; x_wconf 78' lang='grc' dir='ltr'><strong><em>συγκείμενος</em></strong></span> 
     </span>
     <span class='ocr_line' id='line_1_29' title="bbox 108 3421 1134 3517; baseline -0.004 -30"><span class='ocrx_word' id='word_1_213' title='bbox 108 3428 142 3488; x_wconf 76' lang='grc' dir='ltr'><strong><em>ἔα</em></strong></span> <span class='ocrx_word' id='word_1_214' title='bbox 157 3429 302 3503; x_wconf 77' lang='grc' dir='ltr'><strong><em>περισσάν</em></strong></span> <span class='ocrx_word' id='word_1_215' title='bbox 321 3421 451 3517; x_wconf 73' lang='grc' dir='ltr'><strong><em>ἀριθμῶν</em></strong></span> <span class='ocrx_word' id='word_1_216' title='bbox 470 3428 611 3495; x_wconf 80' lang='grc' dir='ltr'><strong><em>περισσῶν</em></strong></span> <span class='ocrx_word' id='word_1_217' title='bbox 626 3427 699 3495; x_wconf 75' lang='lat' dir='ltr'><strong>(add</strong></span> <span class='ocrx_word' id='word_1_218' title='bbox 714 3444 750 3481; x_wconf 92' lang='lat' dir='ltr'><strong>m</strong></span> <span class='ocrx_word' id='word_1_219' title='bbox 766 3428 793 3496; x_wconf 89' lang='grc'><strong><em>2)</em></strong></span> <span class='ocrx_word' id='word_1_220' title='bbox 813 3445 845 3481; x_wconf 91' lang='grc' dir='ltr'><strong><em>το</em></strong></span> <span class='ocrx_word' id='word_1_221' title='bbox 863 3425 973 3492; x_wconf 80' lang='grc' dir='ltr'><strong><em>πλῆθος</em></strong></span> <span class='ocrx_word' id='word_1_222' title='bbox 996 3426 1134 3516; x_wconf 83' lang='grc' dir='ltr'><strong><em>περισσός</em></strong></span> 
     </span>
     <span class='ocr_line' id='line_1_30' title="bbox 98 3493 1133 3573; baseline -0.007 -13"><span class='ocrx_word' id='word_1_223' title='bbox 98 3500 235 3564; x_wconf 62' lang='lat' dir='ltr'><strong><em>50·qu</em></strong></span> <span class='ocrx_word' id='word_1_224' title='bbox 335 3508 380 3561; x_wconf 83' lang='grc'><strong><em>16</em></strong></span> <span class='ocrx_word' id='word_1_225' title='bbox 398 3494 486 3573; x_wconf 84' lang='grc' dir='ltr'><strong><em>ἥμισυ</em></strong></span> <span class='ocrx_word' id='word_1_226' title='bbox 508 3499 568 3568; x_wconf 62' lang='grc' dir='ltr'><strong><em>Ἑρ</em></strong></span> <span class='ocrx_word' id='word_1_227' title='bbox 658 3503 704 3551; x_wconf 65' lang='lat' dir='ltr'>ss</span> <span class='ocrx_word' id='word_1_228' title='bbox 720 3493 956 3562; x_wconf 60' lang='grc' dir='ltr'><strong><em>πεοιοσὸε-ἱλι</em></strong></span> <span class='ocrx_word' id='word_1_229' title='bbox 979 3496 1133 3570; x_wconf 81' lang='grc' dir='ltr'><strong><em>μετρήσει]</em></strong></span> 
     </span>
    </p>
   </div>
   <div class='ocr_carea' id='block_1_5' title="bbox 0 0 1193 3818">
    <p class='ocr_par' dir='ltr' id='par_1_9' title="bbox 0 0 1193 3818">
     <span class='ocr_line' id='line_1_31' title="bbox 0 0 1193 3818; baseline 0 0"><span class='ocrx_word' id='word_1_230' title='bbox 0 0 1193 3818; x_wconf 95' lang='lat' dir='ltr'><strong><em> </em></strong></span> 
     </span>
    </p>
   </div>
  </div>
 </body>
</html>
