2348 3818
341 183 616 234 ELEMENTORUM
633 183 743 233 LIBER
760 183 807 235 IX.
1015 176 1080 244 367

63 325 247 391 metiuntur
271 323 357 410 [vlu
375 327 448 409 20],
475 325 670 408 praecedens
699 324 944 408 praecedentem
974 328 1007 388 et
1035 344 1084 388 see

63 452 166 516 quens
191 435 388 517 sequentem.
435 433 546 516 itaque
569 434 601 495 E
621 452 792 496 numerum
815 437 848 495 A
870 430 1017 514 metitur,
1045 433 1083 494 ut

62 537 261 622 praecedens
282 538 539 621 praecedentem.
584 558 699 602 uerum
723 537 823 602 etiem
844 559 912 602 non
935 535 1083 621 metitur3

64 643 152 728 quod
174 643 245 708 fieri
266 665 334 709 non
357 647 474 728 potest.
507 644 616 728 itaque
632 647 671 728 E,
686 649 717 707 A
740 644 828 708 inter
847 665 881 708 re
899 642 997 727 primi
1015 664 1083 708 non

64 753 150 815 sunt.
183 770 261 834 ergo
284 751 467 833 compositi.
500 749 700 832 compositos
722 753 830 814 autem
849 770 1003 814 numerus
1023 749 1081 813 ali·

63 856 136 941 quis
165 855 299 921 metitur
328 855 406 937 [VII
429 855 490 919 def.
517 857 582 936 14].
628 860 661 920 et
691 855 844 940 quonium
876 855 1081 939 suppositum

10 1036 17 1049 ἦ
63 966 129 1047 est,
156 966 189 1026 E
207 963 351 1047 primum
375 984 459 1046 esse,
486 962 628 1045 primum
654 966 762 1027 autem
784 962 893 1026 nullus
917 961 999 1024 clius
1022 983 1082 1025 nu·

61 1089 174 1133 merus
198 1070 332 1133 metitur
353 1073 482 1152 praeter
503 1070 612 1154 ipsum
637 1068 714 1149 [VII
737 1067 798 1132 def.
824 1069 893 1152 11]‚
917 1071 949 1131 E
969 1088 1082 1132 nume-

61 1194 119 1239 ros
144 1180 185 1258 A,
210 1180 242 1239 E
260 1175 402 1239 metitur.
438 1196 535 1259 quare
554 1179 586 1238 E
606 1196 777 1239 numerum
795 1179 828 1238 A
851 1173 995 1239 metitur.
1027 1195 1080 1237 ue-

61 1301 137 1343 rum
165 1280 266 1343 etiam
294 1286 327 1343 A
354 1302 522 1346 numerum
550 1277 722 1363 metiturl)
769 1300 847 1366 ergo
871 1283 903 1343 E
926 1302 1080 1344 numeros

62 1392 111 1468 A,
135 1392 169 1449 A
196 1385 338 1452 metitur.
383 1385 533 1450 similiter
560 1384 869 1468 demonstrabimus,
899 1387 1080 1470 quicunque

60 1492 164 1576 primi
192 1493 319 1556 numeri
346 1514 516 1559 numerum
544 1495 577 1554 A
604 1491 792 1574 metiantur,
823 1492 951 1556 eosdem
981 1493 1081 1557 etiam

62 1617 237 1662 numerum
252 1602 284 1660 A
302 1618 470 1663 mensuros
489 1618 574 1680 esse3
598 1596 684 1679 quod
704 1599 773 1660 erat
786 1597 1079 1664 demonstrandum.

527 1790 617 1857 XIII.

133 1911 169 1978 si
190 1915 351 1997 quotlibet
372 1915 498 1980 numeri
521 1915 563 1979 ab
581 1914 708 1979 unitate
727 1913 878 1997 deinceps
897 1913 1079 1998 proportio·

59 2018 156 2085 noles
178 2024 263 2105 suut,
285 2024 319 2085 et
339 2020 459 2086 unitati
481 2022 648 2104 proximus
669 2021 793 2105 primus
816 2024 875 2099 est,
900 2021 1079 2084 maximum

59 2125 171 2190 nullus
198 2127 350 2190 metietur
375 2148 530 2191 numerus
552 2129 681 2210 praeter
703 2147 771 2209 eos,
801 2125 856 2211 qui
891 2127 979 2190 iuter
1004 2148 1077 2209 pro-

60 2231 264 2316 portionales
287 2236 425 2296 exstant

132 2333 207 2402 Sint
229 2338 391 2422 quotlibet
412 2337 538 2402 numeri
562 2338 602 2402 ab
625 2338 752 2402 unitate
776 2337 925 2423 deinceps
944 2359 1078 2422 propor-

60 2444 204 2509 tionales
227 2448 272 2527 A,
294 2448 337 2528 B,
360 2446 396 2528 Γ,
420 2449 468 2528 A,
496 2447 530 2508 et
556 2444 674 2509 unitati
701 2444 869 2528 proximus
892 2448 925 2507 A
952 2445 1076 2535 primugs

63 2549 116 2615 eit.
163 2548 248 2634 dico,
274 2549 451 2613 maximum
474 2571 586 2615 eorum
609 2556 642 2612 A
665 2550 776 2614 nullos
801 2551 883 2614 alios
906 2571 1076 2614 mensuros

62 2675 135 2720 esse
156 2658 285 2738 proeter
308 2661 349 2740 A,
372 2658 409 2739 B,
432 2658 467 2719 Γ.

10 2778 13 2787 ·
130 2782 205 2825 num
234 2760 263 2824 si
285 2760 356 2824 fieri
380 2765 504 2845 potest,
531 2761 686 2824 metietur
709 2782 864 2826 numerus
888 2765 932 2845 E,
962 2783 1024 2826 neu
1048 2766 1080 2825 E

137 2970 163 3038 1)
184 2970 304 3038 Propter
327 2967 510 3040 expositionis
532 2985 620 3039 genus
647 2972 689 3038 (p.
709 2975 775 3037 362,
791 2971 844 3038 22)
864 2970 951 3024 uerba
974 2970 1023 3025 liu.
1045 2975 1075 3025 8:

62 3046 163 3165 ,ἐξὲξ
181 3037 213 3094 δὲ
237 3039 285 3094 καὶ
302 3070 332 3080 -
351 3046 380 3094 9:
400 3044 500 3110 μετρεῖ
517 3056 691 3109 superuacua
709 3041 787 3108 sunt,
811 3041 840 3094 et
868 3039 987 3094 fortusse
1012 3041 1075 3094 sub-

10 3320 31 3359 ““”
68 3334 141 3395 ὅστε
168 3340 233 3395 add.
257 3343 308 3395 sul
326 3340 357 3396 in
379 3357 425 3395 rus
448 3340 479 3394 B.
553 3347 577 3395 9.
596 3341 663 3412 καί]
688 3358 774 3411 81ΨΜ
791 3361 820 3410 Ψ·
892 3341 935 3413 Δ]
955 3342 1028 3412 (ω’)
1046 3342 1076 3396 in

10 3402 123 3492 fruc.
144 3411 178 3467 V.
251 3418 292 3467 11.
312 3418 454 3482 μετρεῖται
472 3411 533 3480 ch.
607 3418 649 3468 16.
668 3409 765 3484 ἄλλον]
786 3429 839 3467 om.
858 3413 888 3468 P.
