2348 3818
101 160 166 227 348
477 160 678 215 τεοικειου
696 156 739 214 ε’.

101 312 202 391 λογον
230 306 448 390 ἐμπίπτουσιν
475 302 624 392 ἀριθμοί.
669 308 729 370 καί
749 305 839 371 ἐστιν
862 300 946 382 άςὶ
975 312 1010 372 Δ
1032 307 1111 393 πρὸς

100 408 162 477 τὸν
185 416 222 494 Γ,
251 410 358 488 οὕτως
381 406 399 476 ὁ
423 418 455 476 A
477 407 560 497 πρὸς
582 408 643 477 τὸν
666 417 708 476 Β·
752 409 899 477 καὶτῶν
923 417 972 496 Α,
996 417 1026 478 Β
1050 408 1112 497 ἄρα

101 514 165 582 δύο
192 515 288 600 μέσοι
315 513 487 602 άνάλογον
514 519 733 602 ἐμπίπτουσιν
759 512 912 603 ἀριθμοί.
958 521 1021 582 καί
1047 519 1114 584 ἐστι

100 619 204 706 κύβος
227 617 305 688 ὁΑ·
328 620 432 707 κύβος
454 619 519 708 άρα
539 622 608 690 ἐστὶ
625 621 681 688 καὶ
700 617 776 689 ὁΒ·
809 619 890 709 ὅπερ
910 625 979 689 ἔδει
1000 625 1115 705 δείξαι.

67 829 82 877 ε
588 815 630 886 ς’.

165 934 253 1008 ’Βάν
286 937 459 1028 ἀριθμὸς
490 937 633 1007 ἑαυτὸν
665 938 1023 1021 πολλαπλασιάσας
1053 939 1116 1009 κύ-

101 1049 173 1130 βον
196 1050 307 1135 ποιῇ,
329 1046 395 1113 καὶ
419 1043 537 1126 αὐτὸς
558 1044 680 1131 κύβος
704 1051 822 1114 ἐσται.

165 1151 325 1239 Ἀριθμὸς
351 1152 416 1239 γάρ
444 1149 519 1220 ὁΑ
545 1149 667 1218 ἑαυτὸν
689 1151 983 1233 πολλαπλασιάσας
1007 1153 1115 1240 κύβον

101 1255 162 1324 τὸν
185 1265 214 1324 Β
237 1261 384 1325 ποιείτω·
416 1258 514 1343 λέγω,
537 1258 589 1326 ὅτι
612 1258 669 1324 καὶ
692 1254 711 1325 ὁ
734 1266 767 1325 Α
789 1255 892 1343 κύβος
915 1259 1023 1328 ἐστίν.

50 1369 83 1418 10
164 1360 198 1428 Ὁ
225 1361 290 1450 γάρ
313 1372 346 1430 A
372 1361 432 1430 τὸν
455 1370 484 1430 Β
512 1362 804 1442 πολλαπλασιάσας
830 1361 890 1431 τὸν
914 1369 948 1430 Γ
968 1372 1115 1435 ποιείτω.

102 1468 172 1534 ἐπεὶ
195 1461 258 1536 οὖν
281 1467 300 1536 ὁ
324 1478 357 1535 A
380 1467 501 1536 ἑαυτὸν
524 1468 585 1555 μὲν
608 1469 900 1550 πολλαπλασιάσας
922 1470 984 1540 τὸν
1008 1481 1040 1541 Β
1062 1498 1115 1541 πε·
1150 1469 1154 1473 ’

101 1577 254 1659 ποίηκεν,
282 1573 342 1643 τὸν
369 1574 407 1642 δέ
425 1582 454 1642 Β
476 1574 769 1655 πολλαπλασιάσας
790 1574 850 1644 τὸν
873 1583 905 1643 Γ
923 1583 1116 1665 πεποίηκεν,

102 1675 120 1746 ὁ
145 1685 177 1745 Γ
199 1678 265 1768 άρα
292 1679 396 1766 κύβος
423 1683 536 1748 ἐστίν’
567 1681 622 1747 καὶ
651 1681 720 1749 ἐπεὶ
748 1678 766 1749 ὃ
790 1691 822 1749 A
850 1680 973 1749 ἑαυτὸν
997 1693 1116 1753 πολλα-

101 1787 285 1866 πλασιάσας
312 1786 372 1854 τὸν
396 1794 424 1853 Β
451 1792 645 1872 πεποίηκεν,
674 1784 692 1854 ὁ
716 1796 748 1853 A
776 1785 840 1876 άρα
867 1786 928 1855 τὸν
951 1797 982 1855 Β
1007 1776 1117 1879 μετρεῖ

51 1907 84 1954 15
101 1889 183 1959 κατὰ
211 1892 270 1971 τάς
298 1896 335 1960 ἐν
364 1891 453 1984 αύτῷ
481 1891 641 1978 μονάδας.
686 1907 800 1981 μετρεῖ
825 1893 940 1962 δὲκαὶ
963 1893 986 1982 ἡ
1011 1897 1115 1983 μονάς

100 1995 161 2064 τὸν
184 2007 216 2064 Α
243 1997 326 2065 κατὰ
354 1997 413 2076 τὰς
441 2000 477 2065 ἐν
502 1995 591 2089 αύτῷ
615 1996 774 2085 μονάδας,
821 2005 911 2067 ἐστιν
935 1999 1004 2090 άρα
1028 2000 1114 2089 ὡςὴ

102 2101 207 2187 μονάς
230 2102 313 2189 πρὸς
336 2104 396 2172 τὸν
420 2113 461 2187 A,
486 2104 592 2183 οὕτως
616 2101 634 2171 ὁ
654 2113 686 2172 A
707 2104 791 2193 πρὸς
813 2104 873 2172 τὸν
892 2113 930 2173 Β.
962 2109 1022 2175 καὶ
1050 2110 1114 2179 ἐπεὶ

102 2203 168 2274 ὁΑ
188 2208 291 2276 τὸνΒ
315 2208 607 2288 πολλαπλασιάσας
630 2208 689 2277 τὸν
704 2216 736 2277 Γ
755 2217 944 2298 πεποίηκεν,
970 2212 1033 2282 ὁΒ
1053 2214 1114 2302 ἄρα

101 2310 161 2380 τὸν
184 2320 216 2381 Γ
234 2329 347 2403 μετρεῖ
368 2315 450 2382 κατὰ
473 2314 532 2394 τὰς
555 2317 591 2382 ἐν
615 2320 660 2408 τῷ
684 2325 716 2383 A
739 2317 897 2403 μονάδας.
944 2333 1060 2407 μετρεῖ
1081 2320 1114 2388 δὲ

49 2435 84 2483 κο
101 2419 157 2485 καὶ
180 2416 200 2504 ἡ
224 2418 330 2506 μονάς
352 2420 413 2490 τὸν
433 2432 465 2488 A
487 2420 569 2488 κατά
588 2420 648 2500 τάς
666 2424 703 2489 ἐν
721 2419 812 2515 αύτῷ
831 2421 992 2508 μονάδας.
1026 2432 1114 2495 ἐστιν

102 2522 168 2611 άρα
192 2522 237 2604 ὡς
259 2524 280 2613 ἡ
304 2526 412 2615 μονάς
434 2525 517 2616 πρὸς
540 2526 600 2596 τὸν
616 2537 658 2614 A,
682 2528 788 2607 οὕτως
811 2524 872 2595 ὁΒ
895 2527 982 2616 πρὸς
1005 2531 1114 2600 τὸνΓ.

102 2628 176 2697 ἀλλ’
203 2629 248 2712 ὡς
270 2630 291 2719 ἡ
315 2635 422 2719 μονάς
444 2632 528 2721 πρὸς
547 2632 606 2700 τὸν
622 2643 665 2717 A,
689 2631 796 2712 ούτως
814 2631 878 2701 ὁΑ
896 2634 981 2719 πρὸς
999 2636 1061 2706 τὸν
1075 2646 1115 2706 Β·

102 2738 157 2803 καὶ
181 2736 226 2817 ὡς
249 2737 314 2826 άρα
337 2736 356 2807 ὁ
381 2747 412 2805 A
435 2738 519 2827 πρὸς
541 2740 602 2807 τὸν
625 2748 669 2825 Β,
694 2737 712 2808 ὃ
735 2748 764 2807 Β
787 2738 871 2828 πρὸς
893 2739 954 2808 τὸν
978 2750 1017 2811 Γ.
1064 2745 1115 2812 καὶ

103 2844 173 2911 ἐπεὶ
196 2848 232 2911 οί
252 2851 296 2928 Β,
320 2850 352 2910 Γ
374 2846 473 2931 κύβοι
497 2849 598 2930 είσίν,
623 2843 734 2931 ὅμοιοι
757 2853 890 2935 στερεοί
911 2851 1009 2916 εἰσιν.
1050 2854 1116 2918 τῶν

49 2963 83 3011 25
102 2955 146 3033 Β,
170 2955 203 3015 Γ
228 2947 294 3035 άρα
327 2948 390 3017 δύο
420 2952 514 3037 μέσοι
545 2949 716 3036 άνάλογόν
747 2955 832 3020 εἰσιν
862 2951 1016 3040 ἀριθμοί.
1064 2963 1120 3024 καί

175 3203 198 3251 1.
218 3198 270 3250 καί
291 3193 366 3252 ἐστιν
381 3229 415 3238 -
430 3205 458 3252 3:
488 3194 622 3270 ἀριθμοί]
647 3217 702 3269 mg.
727 3219 763 3254 m.
787 3206 803 3253 2
824 3199 861 3267 V;
885 3200 916 3254 in
939 3202 1022 3256 textu
1049 3197 1117 3259 ὥστε

105 3266 152 3322 καὶ
176 3268 231 3322 τῶν
251 3274 289 3337 Δ,
309 3272 336 3321 Γ
356 3266 409 3323 δύο
433 3267 512 3339 μέσοι
535 3266 677 3339 ἀνάλογον
701 3266 891 3340 ἐμπεσοῦνται
915 3268 1049 3344 άριθμοί,
1070 3275 1118 3330 sed

102 3338 184 3395 delet.
209 3339 242 3393 V.
300 3345 324 3392 2.
348 3334 421 3410 ἄρα]
442 3338 484 3394 ἐτι
504 3362 532 3409 φ.
603 3349 628 3396 3.
650 3336 833 3411 ἐμπίπτουσιν
862 3338 985 3413 άρνθμοὶ
1014 3340 1117 3400 άνάλο·

102 3410 271 3479 νουΒλῙφ,
298 3408 335 3480 V,
362 3430 409 3480 φ,
448 3405 522 3464 ἐστιν
545 3412 575 3465 Ρ.
654 3419 678 3467 4.
699 3414 736 3484 Α]
757 3430 826 3468 θυαε.
845 3414 879 3468 V.
953 3411 1063 3489 κύβος]
1083 3436 1118 3471 m.

96 3479 163 3535 2Β.
253 3475 330 3556 ἐστί]
350 3497 404 3537 om.
424 3482 495 3552 Vq),
516 3478 589 3537 ἐστίν
609 3503 658 3553 (ρ,Ι
749 3485 790 3553 B}
807 3501 877 3540 eras.
897 3484 929 3538 V.
1026 3493 1052 3544 5.
1074 3486 1118 3558 ς’]
