2348 3818
337 161 611 213 uuuuuuuouuu
628 162 737 213 moue
755 162 802 214 IX.
1015 158 1082 224 393

523 337 627 402 XXII.

135 441 169 508 si
191 443 354 528 quotlibet
372 444 497 508 numeri
516 444 658 529 imperes
678 447 926 528 componuntur,
945 447 977 508 et
999 445 1081 508 mul-

68 549 176 614 titudo
201 570 314 615 eorum
336 571 397 633 par
420 553 479 633 est,
501 552 590 614 totus
613 572 674 633 per
697 550 767 615 erit.

134 652 383 739 Oomponantur
410 655 496 719 enim
524 656 685 740 quotlibet
712 657 838 720 numeri
860 657 1000 740 impares
1022 679 1079 721 nu·

66 783 156 827 mero
183 782 278 844 pares
307 766 382 846 AB,
406 765 477 846 ΒΓ,
497 765 572 845 ΓΛ,
592 766 667 827 ΔΕ.
705 761 791 846 dico,
812 766 919 827 totum
938 767 1007 827 ΑΕ
1027 784 1082 846 pa·

64 888 135 932 rem
158 887 237 932 esse.

281 992 303 1041 A
410 991 433 1040 B
524 990 551 1040 Γ
656 992 682 1041 Δ
825 991 850 1040 Ε

281 1075 837 1114 l—-l——l—-l—-l

134 1206 211 1248 nam
239 1185 391 1269 quoniam
421 1182 541 1268 singuli
567 1184 695 1248 numeri
717 1188 797 1267 AB,
819 1185 891 1267 ΒΓ,
915 1186 990 1268 ΓΔ,
1012 1188 1084 1249 ΔΕ

69 1291 212 1374 impares
237 1292 325 1373 sunt,
353 1289 478 1354 unitate
502 1312 521 1354 a
545 1289 682 1373 singulis
706 1290 886 1372 subtracta,
909 1290 964 1373 qui
987 1291 1083 1354 relin-

68 1398 221 1480 quuntur,
245 1394 366 1480 singuli
387 1416 482 1478 pares
507 1397 601 1459 erunt
620 1393 698 1475 [VII
712 1395 773 1459 def.
789 1397 831 1476 7].
865 1416 963 1479 quare
982 1397 1082 1460 etiem

65 1523 221 1566 numerus
245 1501 347 1566 exiis
370 1501 569 1585 compositus
592 1523 652 1585 par
675 1502 737 1566 erit
761 1503 866 1586 [prop.
880 1501 985 1582 XXI].
1025 1523 1081 1566 ue-

64 1629 140 1671 rum
168 1607 266 1671 etiem
292 1606 468 1671 multitudo
496 1606 660 1671 unitatum
688 1627 747 1689 per
778 1609 836 1670 est.
882 1627 959 1692 ergo
984 1608 1082 1671 etiam

67 1715 160 1778 totus
182 1715 252 1775 ΑΕ
272 1734 331 1795 par
354 1715 404 1776 est
429 1712 515 1796 [id.];
538 1711 625 1796 quod
648 1714 719 1775 eret
742 1709 1038 1777 demonstrandumss

515 1903 638 1970 XXIII.

138 2010 174 2077 Si
193 2010 356 2095 quotlibet
373 2011 500 2076 numeri
518 2011 659 2096 imperes
679 2014 926 2095 componuntur,
949 2015 982 2076 et
999 2013 1082 2075 mul-

67 2119 179 2185 titudo
202 2140 314 2183 eorum
336 2118 442 2201 imper
465 2120 523 2201 est,
546 2117 645 2180 etiem
668 2119 758 2181 totus
782 2117 888 2201 impar
912 2116 983 2182 erit.

136 2222 382 2308 Oomponentur
400 2223 485 2286 enim
505 2222 667 2306 quotlibet
684 2221 811 2285 numeri
830 2223 980 2307 imperes,
1004 2244 1083 2307 quo-

62 2352 140 2395 rum
164 2331 337 2395 multitudo
361 2329 467 2413 imper
490 2329 542 2409 sit,
563 2331 640 2411 AB,
663 2327 735 2412 ΒΓ,
756 2331 828 2393 ΓΔ.
874 2327 960 2413 dieo,
984 2329 1082 2392 etiam

63 2437 175 2500 totum
198 2439 269 2499 ΑΔ
291 2435 450 2519 imparem
474 2455 552 2499 esse.

388 2606 751 2645 ι--ι--ι--ι-1

388 2668 411 2716 Α
497 2667 518 2714 Β
565 2665 593 2715 Γ
697 2664 722 2715 Ε
736 2666 762 2713 Δ
822 2741 825 2749 Ι

140 2805 352 2870 subtrabatur
380 2808 485 2870 asA
511 2805 621 2870 unitas
645 2809 722 2870 ΔΕ.
767 2805 876 2888 itaque
904 2803 959 2886 qui
986 2804 1084 2869 relin-

66 2911 188 2995 quitur,
210 2913 275 2977 ΓΕ
305 2935 365 2997 per
395 2914 445 2976 est
475 2910 554 2993 [VII
578 2910 638 2976 def.
663 2912 708 2990 7].
754 2931 865 2974 uerum
898 2909 996 2974 etiam
1023 2912 1084 2973 ΓΑ

10 3074 21 3103 ‚.
66 3038 128 3100 per
152 3020 203 3081 est
227 3019 331 3102 [prop.
349 3016 468 3098 XXII].
510 3037 608 3100 quere
632 3016 730 3080 etiam
753 3019 843 3081 totus
861 3018 930 3078 ΑΕ
950 3036 1010 3098 per
1033 3020 1083 3079 est

67 3123 176 3206 [prop.
194 3120 299 3203 XXI}
335 3126 368 3187 et
387 3127 457 3187 ΔΕ
478 3123 589 3188 unitas
613 3124 672 3187 est.
712 3141 790 3205 ergo
810 3124 882 3183 ΑΔ
904 3121 1011 3204 impar
1034 3122 1084 3184 est

68 3227 150 3310 [Vll
174 3228 236 3293 def.
260 3230 308 3314 7];
331 3229 417 3314 quod
442 3232 511 3293 eret
534 3226 830 3303 demonstrandum.

67 3420 163 3492 qomp,
180 3401 215 3469 Ἐς
234 3398 294 3458 ἔστι
311 3403 370 3490 Vq.
438 3398 514 3472 ἔστι]
534 3420 591 3469 seq.
611 3418 665 3456 ras,
687 3407 700 3455 1
720 3400 775 3456 litt.
796 3402 829 3470 V,
849 3397 924 3455 ἔστιν
942 3400 972 3453 Β.
1040 3405 1082 3455 24.

65 3473 143 3546 αρα]
163 3490 217 3530 om.
237 3492 263 3543 q.
338 3492 409 3544 οπερ
429 3471 489 3528 ἔδει
507 3473 621 3546 δεῖξαι]
638 3489 694 3529 om.
711 3471 799 3540 Buq.
