2348 3818
106 132 170 195 114
483 134 685 187 ΣΤΟΙΧΕΙΩΝ
703 131 743 187 5¹.

104 281 185 360 ΒΕ,
214 273 321 354 οὕτως
347 273 385 343 τὸ
415 281 479 342 ΑΒ
508 273 857 364 παραλληλόγραμμον
887 272 972 363 πρὸς
994 271 1034 341 τὸ
1059 280 1127 343 ΖΕ

104 380 469 470 παραλληλόγραμμον,
491 377 539 461 ώς
562 380 600 449 δὲ
623 378 644 468 ἡ
667 388 738 450 ΗΒ
761 378 845 466 πρὸς
866 377 930 467 τὴν
953 386 1034 467 ΒΖ,
1065 380 1123 449 οῧ-

104 511 168 565 τως
198 485 235 556 τό
264 492 330 554 ΒΓ
352 487 701 575 παραλληλόγραμμον
729 487 813 577 πρὸς
841 485 879 555 τὸ
904 493 971 561 ΖΕ
996 494 1123 574 παραλ-

104 590 358 680 ληλόγραμμον,
386 594 442 661 καὶ
471 590 516 673 ώς
545 591 611 681 ἀρα
634 592 672 661 τὸ
697 602 763 663 ΑΒ
784 592 869 683 πρὸς
891 591 930 661 τὸ
956 600 1036 679 ΖΕ,
1064 590 1124 661 οῧ-

69 713 168 778 στως
190 695 228 766 τὸ
251 706 318 768 ΒΓ
336 700 420 789 πρὸς
441 697 479 769 τὸ
505 707 580 767 ΖΕ·
605 707 681 767 ἰσον
705 698 770 789 ἀρα
794 701 863 768 ἐστὶ
886 697 923 767 τὸ
948 706 1015 766 ΑΒ
1039 722 1124 787 παρ-

105 802 385 893 αλληλόγραμμον
407 809 453 898 τῷ
478 811 544 875 ΒΓ
561 805 908 897 παραλληλογράμμῳ.

175 914 250 979 Τών
274 909 339 997 ἀρα
363 919 446 980 ἰσων
469 910 583 979 τεκαὶ
607 914 797 998 ἰσογωνίων
820 910 1123 1000 παραλληλογράμ-

104 1043 176 1102 μων
209 1015 497 1086 ἀντιπεπόνθασιν
535 1019 572 1084 αί
603 1017 743 1105 πλευραὶ
776 1020 813 1084 αἰ
844 1017 919 1105 περὶ
951 1014 1010 1096 τὰς
1044 1025 1120 1097 ἰσας

104 1129 240 1208 γωνίας·
271 1123 327 1189 καλ
355 1115 403 1191 ὧν
432 1125 621 1208 ἰσογωνίων
645 1120 1004 1211 παραλληλογράμμων
1029 1120 1122 1190 ἀντι-

53 1244 86 1293 10
105 1228 317 1296 πεπόνθασιν
340 1231 378 1296 αί
398 1228 538 1315 πλευραὶ
562 1231 600 1295 αί
620 1229 696 1317 περὶ
718 1227 778 1308 τάς
802 1237 875 1308 ἰσας
898 1232 1040 1314 γωνίας,
1065 1236 1123 1295 ίσα

105 1333 196 1401 ἐστὶν
220 1335 346 1401 ἐκεῖνα·
379 1331 460 1422 ὅπερ
485 1337 552 1401 ἔδει
576 1336 692 1415 δείξαι.

585 1537 637 1578 ιε.

176 1619 260 1684 Τών
292 1625 389 1685 ἰσων
418 1616 483 1683 καί
514 1621 610 1705 μίαν
634 1620 702 1705 μιᾷ
727 1626 818 1702 ίσιγν
842 1614 1019 1702 ἐχόντων
1048 1643 1127 1703 γω-

104 1727 198 1790 νίαν
237 1721 443 1811 τριγώνων
486 1720 836 1791 ἀντιπεπόνθασιν
877 1723 920 1787 αί
953 1725 1126 1812 πλευραί

53 1831 146 1895 1σαί
180 1830 270 1917 περὶ
306 1828 374 1910 τάς
406 1838 492 1908 ἰσας
528 1835 687 1916 γωνίας·
737 1828 802 1896 καὶ
835 1818 888 1897 ών
921 1834 1018 1913 μίαν
1051 1834 1127 1920 μιᾷ

105 1940 198 2020 ἰσρν
241 1934 417 2022 ἐχόντων
453 1940 603 2020 γωνίαν
639 1933 845 2022 τριγώνων
883 1929 1127 2003 ἀντιπεπόν-

103 2049 227 2106 θασιν
266 2042 309 2106 αἰ
342 2040 510 2126 πλευραί
548 2042 590 2107 αἰ
620 2041 708 2128 περὶ
740 2067 806 2120 τας
839 2048 926 2120 ἰσας
958 2045 1127 2129 γωνίας,

105 2153 171 2210 ἰσα
194 2145 304 2213 ἐστὶν
328 2147 468 2214 ἐκεῖνα.

163 2249 271 2318 Ἔστω
297 2259 352 2318 ἰσα
374 2255 522 2339 τρίγωνα
544 2249 584 2318 τὰ
605 2258 714 2337 ΑΒΓ,
728 2260 837 2319 ΑΔΕ
852 2257 934 2339 μίαν
957 2255 1018 2341 μιᾷ
1042 2260 1125 2341 ίσην

52 2375 87 2424 20
107 2361 226 2443 ἔχοντα
253 2363 381 2444 γωνίαν
408 2355 470 2444 τὴν
498 2354 564 2426 ὑπὸ
589 2364 693 2425 ΒΑΓ
710 2362 750 2447 τῇ
778 2355 845 2427 ὑπὸ
869 2365 987 2426 ΔΑΕ·
1022 2361 1124 2447 λέγω,

105 2463 156 2530 ὅτι
184 2467 252 2531 τών
280 2470 389 2548 ΑΒΓ,
409 2470 516 2539 ΑΔΕ
546 2463 722 2553 τριγώνων
760 2460 1050 2532 ἀντιπεπόνθασιν
1087 2469 1128 2533 αἰ

103 2571 244 2660 πλευραὶ
263 2574 301 2638 αἰ
317 2571 392 2659 περὶ
414 2568 473 2650 τὰς
496 2578 570 2650 ἰσας
592 2575 727 2657 γωνίας,
751 2571 934 2656 τουτέστιν,
954 2570 1006 2638 ὅτι
1026 2573 1124 2641 ἐστίν

105 2674 150 2756 ώς
177 2675 197 2764 ἡ
222 2684 282 2746 ΓΑ
300 2675 383 2764 πρὸς
401 2675 462 2764 τὴν
481 2684 568 2763 ΑΔ,
592 2678 699 2758 οὕτως
721 2674 741 2763 ἡ
769 2685 835 2755 ΕΑ
853 2675 937 2764 πρὸς
956 2674 1020 2763 τὴν
1042 2684 1124 2747 ΑΒ.

171 2790 309 2851 Κείσθω
339 2783 405 2872 γὰρ
433 2781 516 2852 ὥστε
544 2779 594 2851 ἐπ’
625 2781 761 2862 εὐθείας
788 2778 875 2850 εἰναι
905 2779 966 2867 τὴν
990 2787 1057 2850 ΓΑ
1081 2789 1123 2872 τῇ

50 2904 86 2954 25
105 2898 189 2956 ΑΛ·
221 2886 271 2956 ἐπ’
306 2887 449 2970 εὐθείας
469 2887 534 2978 ἀρα
570 2889 638 2957 ἐστὶ
667 2888 723 2956 καλ
746 2884 767 2975 ἡ
791 2895 857 2955 ΕΑ
879 2891 920 2975 τῇ
944 2895 1020 2957 ΑΒ.
1062 2890 1124 2959 καλ

105 2994 291 3083 ἐπεζεύχθω
316 2992 336 3081 ἡ
361 3003 438 3065 ΒΔ.

178 3179 201 3228 1.
220 3169 290 3238 πρὸς
308 3168 340 3225 τό
361 3203 394 3213 -
415 3179 443 3227 2:
464 3168 501 3235 ὥς
519 3172 569 3242 δέ]
589 3173 684 3226 insert.
703 3173 732 3226 in
752 3190 806 3227 ras.
826 3172 856 3227 F.
931 3179 956 3227 2.
976 3177 1119 3241 παραλλη·

103 3239 279 3314 λόγραμμον]
294 3258 348 3296 om.
364 3243 397 3297 V.
470 3249 495 3297 3.
515 3246 566 3297 ΖΕ
580 3240 883 3333 παραλληλόγραμμον]
899 3243 933 3310 Ρ;
954 3246 1005 3298 ΖΕ
1020 3241 1120 3298 Theon

104 3314 241 3384 (BFVp).
316 3319 341 3367 ὓ.
361 3310 436 3368 ἐστίν
455 3314 485 3382 Ρ,
506 3332 595 3385 comp.
615 3333 643 3384 p.
718 3321 740 3369 7.
762 3317 829 3368 ἰσων
854 3333 912 3385 αριι
931 3333 959 3385 p.
996 3313 1040 3384 τε]
1061 3330 1116 3369 om.

102 3385 160 3455 Bp.
235 3382 402 3472 ἰσογωνίων]
422 3384 539 3456 PBFp3
563 3385 593 3440 in
612 3386 634 3439 P
653 3402 806 3456 suprascr.
825 3402 861 3440 m.
882 3402 937 3440 reo.
977 3387 1039 3453 ἴσην
1062 3403 1115 3453 γοα

102 3457 169 3510 νίαν
188 3458 259 3528 μίαν
277 3456 329 3531 μιᾷ
349 3451 483 3525 ἕχοντωνς
503 3459 571 3526 μίαν
590 3457 642 3530 μιᾷ
661 3459 725 3525 ίσην
745 3452 868 3525 ἐχόντων
887 3457 994 3526 γωνίαν
1013 3456 1046 3523 V,
1065 3453 1113 3509 sed
