2310 3824
334 148 610 200 ELEMENTORUM
627 149 737 200 LIBER
754 150 786 203 V.
1060 147 1081 212 9

140 288 212 355 Sint
248 290 408 374 quotlibet
443 289 685 375 magnitudines
717 298 749 356 A
756 295 797 374 B,
820 295 891 357 ΓΔ
923 292 1085 378 quotlibet

634 398 894 483 magnitudinum
920 404 960 482 E,
980 403 1008 463 Z
1026 421 1083 464 nu·

79 467 613 592 A,.„†f‚„,31*1—-i--:A
632 526 721 570 mero
755 506 939 590 aequalium
973 505 1083 591 singu·

630 612 680 675 lae
731 610 934 698 singularum
982 633 1083 698 aeque

629 716 833 802 multiplices.
866 718 1083 804 dico,quctics

66 825 243 909 multiplex
263 825 307 889 eit
329 828 395 889 AB
418 823 653 908 magnitudinis
676 830 721 907 E,
749 825 848 890 toties
872 824 1082 909 multiplicem

68 954 141 998 esse
165 934 232 995 AB
248 933 288 1011 -Ι-
304 933 372 995 ΓΔ
395 930 632 1015 magnitudinis
655 935 688 995 E
701 933 741 1012 -l-
757 935 793 996 Z.
1007 922 1014 933 ’

101 1063 106 1071 ·
135 1059 215 1103 nam
239 1035 394 1121 quoniam
416 1039 483 1100 AB
506 1036 741 1120 magnitudinis
764 1040 796 1101 Ε
817 1039 849 1101 et
872 1038 942 1100 ΓΔ
959 1037 1083 1122 magni-

66 1144 193 1212 tudinis
217 1147 245 1208 Z
268 1148 370 1226 aeque
399 1141 595 1226 multiplices
624 1146 714 1226 sunt,
746 1147 825 1227 quot
853 1149 931 1208 sunt
959 1143 994 1206 in
1015 1146 1082 1207 AB

61 1249 311 1336 'magnitudines
335 1246 552 1332 magnitudini
575 1251 607 1310 E
628 1248 793 1331 aequales,
820 1248 957 1313 totidem
981 1249 1080 1313 etiam

73 1357 112 1419 in
135 1356 200 1418 ΓΛ
223 1356 299 1419 sunt
326 1352 543 1439 magnitudini
568 1357 596 1417 Z
624 1355 783 1437 aequales.
829 1354 994 1420 diuidatur
1016 1359 1082 1420 AB

74 1461 111 1524 in
126 1459 362 1542 magnitudines
377 1460 594 1546 magnitudini
603 1464 635 1523 E
643 1460 794 1543 aequales
804 1465 885 1544 ΑΗ,
896 1465 964 1526 ΗΒ
975 1465 1008 1526 et
1017 1464 1084 1526 ΓΛ

74 1566 110 1630 iu
143 1563 382 1650 magnitudines
414 1565 635 1650 magnitudini
670 1571 697 1629 Z
730 1568 880 1650 aequales
908 1570 979 1649 ΓΘ,
1007 1571 1084 1631 ΘΛ.

69 1672 181 1756 itaque
226 1693 378 1736 numerus
424 1669 684 1755 magnitudinum
725 1674 812 1752 ΑΗ,
836 1675 903 1735 ΗΒ
949 1693 1084 1737 numero

68 1777 332 1863 magnitudinum
368 1779 441 1868 ΓΘ,
455 1780 523 1840 ΘΔ
561 1774 706 1859 aequalis
743 1777 814 1839 erit.
865 1780 898 1839 et
929 1777 1083 1859 quoniam

68 1885 507 1965 AH=Eetra=z,
532 1881 1084 1964 eritAH=EetAH†ro

69 2020 114 2042 =
133 1993 166 2054 E
183 1991 223 2070 -l-
244 1992 281 2052 Z.
319 1987 431 2052 eadem
453 1987 491 2051 de
520 2009 617 2052 causa
639 1990 997 2070 HB=EetHB-l-
1014 1994 1082 2054 ΘΔ

69 2126 115 2149 =
129 2099 161 2160 Ε
175 2099 216 2170 -Ι-
232 2099 269 2159 Ζ.
303 2094 414 2178 itaque
430 2097 509 2177 quot
530 2097 606 2158 sunt
625 2094 661 2157 in
671 2098 736 2158 AB
756 2094 997 2178 magnitudines
1016 2119 1083 2162 ma-

68 683 190 735 El—-l
322 681 464 733 Za--i

70 2202 233 2287 gnitudini
253 2204 283 2264 Ε
295 2201 454 2284 aequales,
471 2201 605 2265 totidem
620 2200 720 2265 etiam
735 2203 811 2264 sunt
828 2201 863 2264 in
877 2206 943 2266 AB
959 2206 999 2284 -Ι-
1016 2206 1083 2268 ΓΔ

67 2307 289 2392 magnitudini
317 2311 349 2370 Ε
362 2309 447 2388 -Ι-Ζ
476 2307 634 2391 aequales.
679 2307 789 2390 itaque
818 2309 943 2391 quoties
975 2309 1083 2373 multi·
1118 2384 1125 2404 ι

67 2417 144 2500 plex
175 2418 225 2479 est
253 2417 319 2478 AB
347 2412 581 2497 magnitudinis
612 2417 656 2495 Ε,
687 2413 785 2477 toties
813 2414 985 2499 multiplex
1018 2416 1081 2481 erit

70 2522 173 2587 etiam
196 2523 261 2585 AB
278 2521 318 2600 -Ι-
335 2520 402 2583 ΓΔ
425 2518 659 2604 magnitudinis
683 2524 714 2583 Ε
728 2522 768 2601 -Ι-
785 2526 820 2584 Ζ.

138 2625 227 2710 Ergo
243 2625 271 2690 si
285 2625 380 2690 datae
399 2629 477 2689 sunt
492 2625 654 2708 quotlibet
667 2626 908 2710 magnitudines
923 2628 1084 2711 quotlibet

68 2733 332 2818 magnitudinum
355 2752 490 2795 numero
510 2731 695 2815 aequalium
714 2732 861 2815 singulae
880 2733 1083 2817 singularum

69 2859 172 2922 aeque
186 2837 392 2922 multiplices,
410 2838 537 2921 quoties
552 2837 724 2921 multiplex
738 2840 788 2902 est
806 2860 871 2902 una
890 2838 1081 2924 magnitudo

67 2946 183 3029 unius,
205 2943 303 3008 toties
327 2941 425 3007 etiam
450 2964 562 3008 omnes
586 2944 731 3008 omnium
755 2947 850 3008 erunt
872 2945 1083 3031 multiplices,

70 3051 160 3138 quod
183 3051 253 3114 erat
277 3048 573 3114 demonstrandum.

556 3191 598 3256 ΙΙ.

138 3297 173 3364 si
195 3299 301 3382 prima
330 3298 488 3363 secundae
513 3303 546 3361 st
573 3297 671 3362 tertia
694 3299 830 3379 quartae
854 3318 952 3380 aeque
976 3299 1083 3363 multi-

69 3442 118 3495 ἴσα
133 3435 190 3508 ἄρα
205 3434 302 3492 καὶτὰ
318 3440 383 3503 ΗΒ,
399 3438 455 3490 ΘΔ
468 3436 696 3491 necessarianon
711 3436 762 3488 est.
818 3441 860 3489 21.
876 3429 933 3489 ἐστι
947 3435 980 3488 V.
1040 3440 1082 3487 26.

71 3508 208 3584 δευτέρον
228 3528 249 3577 φ
270 3509 337 3578 (non
355 3508 397 3577 F).
