2348 3818
93 139 136 205 22
474 144 675 196 Στοαεαεα
693 139 729 199 ε’.

91 286 129 356 τὸ
158 294 229 354 ΗΒ
256 289 319 355 τοῦ
346 293 391 370 Β,
430 285 719 355 τοσαυταπλάσιον
752 289 842 356 ἔσται
879 287 935 355 καὶ
966 285 1003 356 πὸ
1032 295 1106 355 ΘΔ

93 397 154 462 τοῦ
169 400 206 460 Ζ.

158 495 238 567 Ἐάν
257 497 323 587 άρα
343 498 406 568 δύο
425 501 551 587 μεγέθη
572 498 635 569 δύο
655 505 809 586 μεγεθῶν
824 500 933 582 ἰσάκις
946 493 968 588 ᾗ
983 508 1107 569 πολλα-

93 604 233 691 πλάσια,
265 607 321 673 καὶ
353 603 581 695 ἀφαιρεθέντα
611 605 687 676 τινὰ
714 612 782 677 τῶν
810 609 923 677 αὐτῶν
952 600 1107 697 ἰσάκιςῇ

58 723 75 771 5
94 712 340 799 πολλαπλάσια,
363 715 419 781 καὶ
441 713 481 783 τὰ
506 712 606 782 λοιπά
624 727 695 793 τοῖς
714 711 828 794 αὐτοῖς
845 713 920 802 ἤτοι
939 723 995 783 ἰσα
1015 715 1108 784 ἐστὶν

97 815 118 906 ἢ
143 818 252 900 ἰσάκις
275 818 389 890 αὐτῶν
412 820 657 889 πολλαπλάσια·
682 818 763 908 ὅπερ
787 825 856 889 ἔδει
879 822 993 902 δεῖξαι.

165 1139 217 1209 Τὰ
250 1149 315 1209 ἰσα
346 1142 443 1231 πρὸς
474 1141 516 1211 τὸ
550 1141 645 1212 αὐτὸ
675 1144 744 1213 τὸν
777 1141 901 1212 αὐτὸν
934 1148 1014 1231 ἔχει
1041 1143 1110 1211 λό-

94 1273 166 1334 γον
189 1246 318 1316 καὶτὸ
343 1246 438 1316 αὐτὸ
462 1248 558 1337 πρὸς
579 1249 624 1318 τά
649 1259 723 1317 ἰσα.

45 1364 78 1414 10
154 1353 263 1422 Ἔστω
287 1362 344 1421 ἰσα
366 1356 492 1442 μεγέθη
515 1354 556 1424 τά
571 1367 613 1442 A,
628 1364 672 1442 Β,
696 1354 778 1424 ἄλλο
803 1357 843 1425 δέ
862 1384 905 1444 τι,
934 1351 952 1424 3
982 1360 1110 1442 ἔτυχεν,

96 1460 239 1546 μέγεθος
261 1458 298 1528 τὸ
324 1468 364 1529 Γ·
387 1463 484 1548 λέγω,
508 1460 559 1530 ὅτι
583 1462 740 1551 ἑκάτερον
762 1468 831 1533 τάν
850 1472 893 1549 A,
908 1471 937 1531 Β
962 1461 1045 1551 πρὸς
1069 1461 1110 1531 τὸ

95 1572 128 1635 Γ
155 1564 215 1635 τὸν
247 1564 353 1635 αὐτὸν
383 1572 449 1655 ἔχει
481 1568 602 1655 λόγον,
633 1570 689 1637 καὶ
716 1568 754 1638 τὸ
783 1575 816 1636 Γ
838 1567 921 1659 πρὸς
949 1570 1110 1657 ἑκάτερον

83 1676 163 1753 πῶν
185 1682 228 1760 A,
242 1681 280 1741 B.

163 1778 330 1867 Εἰλήφθω
353 1779 418 1868 γάρ
441 1785 509 1851 τῶν
537 1781 598 1868 μὲν
621 1792 654 1850 A
661 1788 714 1867 ,B
739 1781 847 1860 ἰσάκις
875 1782 1111 1851 πολλαπλάσια

45 1899 77 1949 15
95 1885 136 1956 τά
156 1895 199 1973 Δ,
215 1890 329 1972 Ε,ποῦ
353 1886 390 1955 δὲ
408 1893 442 1956 Γ
455 1886 549 1973 άλλο,
568 1885 590 1956 3
607 1891 732 1974 ἔτυχεν,
751 1888 1002 1956 πολλαπλάσιον
1018 1885 1056 1956 πὸ
1074 1897 1112 1978 Ζ,

161 1992 251 2062 Ἐπεὶ
278 1987 343 2063 οὖν
371 1989 479 2075 ἰσάκις
508 1995 577 2062 ἐστὶ
599 1993 850 2062 πολλαπλάσιον
873 1993 911 2063 τὸ
936 2003 969 2062 Δ
991 2000 1053 2063 νοῦ
1077 2006 1112 2064 Α

97 2098 213 2168 καὶτὸ
238 2108 270 2168 Ε
290 2105 351 2169 τοῦ
374 2108 414 2188 Β,
439 2109 515 2169 ἰσον
539 2099 577 2168 δὲ
598 2099 638 2168 πὸ
662 2110 694 2168 Α
716 2105 762 2193 τῷ
787 2108 830 2185 Β,
859 2110 935 2169 ἰσον
963 2099 1030 2189 άρα
1052 2103 1111 2170 καὶ

97 2205 134 2274 τὸ
169 2215 202 2274 Δ
233 2211 279 2301 τῷ
312 2216 351 2277 Ε.
405 2206 488 2276 άλλο
522 2208 575 2292 δέ,
611 2204 631 2274 ὅ
659 2211 785 2295 ἔτυχεν,
816 2206 855 2275 πὸ
885 2215 921 2276 Ζ.
971 2212 1016 2276 Εἰ
1042 2207 1112 2294 ἄρα

98 2311 249 2402 ὑπερέχει
272 2314 310 2383 τὸ
336 2324 369 2383 Δ
391 2317 453 2383 ποῦ
473 2321 512 2399 Ζ,
535 2310 686 2401 ὑπερέχει
709 2313 824 2382 καὶτὸ
849 2320 881 2382 Ε
901 2318 962 2383 τοῦ
987 2321 1029 2400 Ζ,
1052 2317 1112 2383 καὶ

46 2429 80 2479 20
99 2423 130 2488 εἰ
152 2427 239 2507 ἴσον,
263 2431 350 2507 ἰσον,
373 2422 429 2488 καὶ
452 2425 484 2488 εἰ
511 2423 663 2505 ἔλαττον,
692 2425 840 2490 ἔλαττον.
888 2427 947 2488 καί
972 2423 1042 2488 ἐστι
1068 2421 1112 2489 τὰ

97 2527 159 2614 μὲν
174 2536 217 2614 Λ,
232 2532 343 2597 Ετῶν
362 2537 405 2612 A,
420 2533 449 2593 Β
473 2525 580 2606 ἰσάκις
598 2526 845 2614 πολλαπλάσια,
868 2526 906 2596 τὸ
932 2527 969 2596 δὲ
992 2536 1021 2596 Ζ
1047 2534 1111 2598 τοῦ

98 2640 130 2701 Γ
144 2632 238 2721 άλλο,
262 2631 281 2702 3
302 2639 428 2719 ἔτυχεν,
451 2633 715 2703 πολλαπλάσιον
745 2639 835 2702 ἔστιν
858 2632 924 2723 άρα
948 2631 992 2714 ὡς
1014 2633 1054 2703 πὸ
1077 2646 1113 2704 A

99 2739 183 2829 πρὸς
204 2739 242 2809 τὸ
267 2747 310 2825 Γ,
334 2737 441 2818 οὕτως
462 2737 500 2806 τὸ
524 2747 553 2807 Β
576 2737 659 2827 πρὸς
681 2739 719 2808 τὸ
743 2747 780 2808 Γ.

164 2849 261 2934 Λέγω
285 2844 374 2932 [δή],
398 2843 449 2914 ὅτι
475 2846 530 2913 καὶ
548 2845 586 2916 τὸ
606 2853 638 2913 Ε
653 2845 737 2934 πρὸς
755 2846 913 2935 ἑκάτερον
930 2851 1000 2916 τῶν
1019 2857 1061 2934 A,
1081 2856 1111 2916 Β

46 2969 80 3019 25
98 2951 159 3022 τὸν
183 2951 287 3022 αὐτὸν
311 2955 376 3039 ἔχει
400 2951 513 3038 λόγον.

278 3127 311 3135 .-

170 3210 195 3259 5.
214 3202 263 3257 καί
280 3199 327 3275 τά]
346 3200 382 3258 τά
401 3204 431 3258 in
444 3220 496 3257 τοι.
515 3203 545 3258 P.
619 3198 708 3273 ἐστίν]
727 3218 797 3256 corr.
816 3217 851 3255 ex
869 3198 947 3255 ἔσται
966 3220 992 3272 ρ.
1068 3208 1110 3256 10.

99 3268 129 3348 ὅ]
158 3291 242 3344 supra
270 3293 306 3329 m
333 3282 349 3329 2
373 3275 403 3329 Β.
446 3272 526 3343 ἔτνγε
545 3273 602 3342 Vp.
697 3279 737 3327 14.
763 3270 827 3343 μέν]
856 3270 919 3339 PF;
944 3290 999 3328 om.
1022 3273 1108 3342 va.

135 3351 177 3401 15.
202 3340 231 3418 ὅ]
256 3362 340 3416 supra
361 3363 397 3400 m.
422 3352 437 3400 2
461 3347 492 3399 F.
517 3342 597 3413 ἔτυχε
622 3341 679 3413 Vp.
772 3349 813 3399 16.
837 3339 883 3414 τό]
907 3344 958 3398 τοῦ
982 3363 1018 3398 m.
1043 3344 1109 3399 21³.

97 3417 163 3489 τοῦ]
187 3435 255 3473 corr.
279 3434 314 3473 ox
338 3413 369 3472 τά
392 3418 423 3473 Ρ.
515 3422 557 3470 18.
581 3409 610 3486 ὅ]
633 3432 669 3468 m.
694 3421 710 3468 2
734 3413 762 3470 F.
806 3411 885 3483 ἔτνχε
909 3414 971 3487 Vp,
1000 3417 1031 3470 εἰ
1053 3432 1110 3484 seq.

94 3504 150 3543 m.
170 3489 254 3546 mitt.
269 3489 300 3544 F.
374 3495 416 3543 20.
435 3487 501 3559 καί]
521 3503 612 3557 comp.
631 3486 666 3555 F,
690 3484 755 3541 dein
773 3485 836 3539 add.
856 3487 908 3539 καί
923 3505 953 3555 φ.
1026 3483 1111 3558 τά]ε
