2348 3818
93 149 157 214 218
470 149 671 202 mmm
689 146 724 214 ζ’.

150 293 324 359 Ἔστωσαν
347 291 502 379 τέσσαρες
524 287 667 378 ἀριθμοὶ
689 278 860 385 ἀνάλογον
883 291 919 358 oc
939 299 983 377 A,
1005 297 1047 376 Β,
1069 295 1105 375 Γ,

93 405 138 482 A,
162 392 207 476 ὡς
225 392 244 462 6
261 403 294 461 A
310 393 394 484 πρὸς
411 395 473 464 τὸν
486 402 527 481 Β,
551 392 657 475 οὕτως
676 392 741 462 ὁΓ
754 393 839 484 πρὸς
855 394 917 464 τὸν
931 403 978 462 A·
1011 395 1105 482 λέγω,

94 500 146 570 ὅτι
168 501 224 568 καὶ
248 501 389 583 ἐναλλὰξ
412 501 585 588 ἀνάλογον
608 506 754 587 ἔσονται,
778 498 823 582 ὡς
845 499 862 570 ‹‘:
887 511 920 570 A
941 499 1026 589 πρὸς
1048 500 1106 570 τὸν

94 613 132 694 Γ,
158 608 264 686 οὕτως
287 605 306 675 6
330 615 359 676 Β
382 606 466 696 πρὸς
488 607 548 676 τὸν
571 616 614 676 A.
695 604 700 612 '

58 729 75 778 ο
158 710 247 781 Ἐπεὶ
274 714 339 801 γάρ
368 717 458 783 ἐστιν
486 711 532 793 ὦς
554 711 572 782 6
596 724 629 782 A
651 711 734 803 πρὸς
756 713 818 782 τὸν
840 723 884 801 Β,
908 714 1016 794 οὕτως
1039 711 1058 781 6
1080 719 1111 781 Γ

93 816 177 906 πρὸς
198 818 259 888 τὸν
283 830 331 907 A,
356 817 375 888 6
399 820 465 908 ἄρα
488 822 589 909 μέρος
611 821 702 888 ἐστὶν
726 818 745 888 6
768 830 801 888 A
823 823 884 890 τοῦ
907 828 936 889 Β
964 816 986 907 ἢ
1014 821 1108 909 μέρη,

92 923 132 992 τὸ
161 923 244 994 αὐτὸ
267 927 368 1013 μέρος
391 927 460 994 ἐστὶ
482 927 538 993 καὶ
561 924 580 994 6
604 932 637 994 Γ
654 930 716 995 τοῦ
740 934 775 993 A
797 923 817 1014 ἢ
840 929 881 995 τὰ
904 923 990 994 αὐτὰ
1017 929 1107 1015 μέρη.

93 1030 236 1112 ἐναλλὰξ
264 1031 344 1118 ἄρα,
373 1027 392 1099 6
421 1032 522 1119 μέρος
549 1032 641 1101 ἐστὶν
665 1031 683 1100 6
707 1041 740 1101 A
761 1038 823 1101 τοῦ
845 1028 917 1120 Γῆ
942 1034 1042 1121 μέρη,
1070 1031 1105 1101 τὸ

93 1134 175 1205 αὐτὸ
195 1138 294 1224 μέρος
314 1136 383 1204 ἐστὶ
401 1138 460 1205 καῖ
476 1134 494 1206 6
510 1144 539 1205 Β
557 1140 619 1206 τοῦ
627 1147 667 1205 'A
683 1134 706 1225 ἢ
726 1139 767 1207 τὰ
786 1137 871 1208 αὐτὰ
891 1140 984 1227 μέρη.
1019 1142 1104 1206 ἔστιν

41 1258 74 1307 10
93 1240 160 1329 ἄρα
187 1240 232 1323 ὡς
259 1241 278 1310 6
306 1252 339 1310 A
364 1241 448 1330 πρὸς
475 1242 536 1312 τὸν
563 1250 601 1330 Γ,
630 1244 736 1325 οὕτως
764 1241 784 1314 6
807 1252 836 1313 Β
865 1243 1039 1334 πρὸςτὸν
1060 1253 1102 1313 Δ·

93 1348 174 1432 ὅπερ
198 1352 266 1415 ἔδει
290 1351 403 1430 δεῖξαι.
1057 1342 1060 1347 ¹

570 1508 627 1578 ιδ’.

155 1627 243 1699 Ἐὰν
280 1623 378 1700 οἶσιν
416 1630 636 1701 ὁποσοιοῦν
678 1629 846 1719 ἀριθμοὶ
886 1633 951 1700 καὶ
990 1631 1108 1701 ἄλλοι

95 1733 231 1817 αὐτοῖς
259 1745 341 1806 ἴσοι
368 1737 410 1806 τὸ
445 1742 597 1824 πλῆθος
633 1736 785 1806 σύνδυο
809 1738 1108 1825 λαμβανόμενοι

41 1855 74 1905 15
92 1843 157 1910 καὶ
182 1846 223 1911 έν
245 1848 295 1936 τῷ
315 1842 418 1936 αὐτῷ
442 1843 561 1934 λόγῳ,
585 1844 650 1911 καὶ
673 1840 723 1910 δι’
749 1851 839 1911 ἴσον
862 1846 905 1911 έν
927 1847 977 1934 τῷ
1002 1841 1107 1936 αὐτῷ

92 1950 195 2040 λόγῳ
220 1954 390 2017 ἔσονται.

149 2051 325 2121 Ἔστωσαν
344 2050 529 2121 ὁποσοιοῦν
547 2050 690 2141 ἀριθμοὶ
709 2057 744 2122 οἱ
760 2065 808 2140 A,
826 2063 871 2141 Β,
889 2061 922 2123 Γ
935 2056 991 2122 καὶ
1010 2054 1109 2125 ἄλλοι

92 2156 207 2234 αὐτοῖς
235 2164 302 2224 ἴσοι
319 2156 367 2253 ιτὸ
398 2161 529 2244 πλῆθος
560 2157 689 2228 σύνδυο
717 2159 967 2246 λαμβανόμενοι
995 2163 1032 2229 ἐν
1061 2166 1108 2253 τῷ

92 2261 183 2352 αὐτῷ
211 2260 301 2348 λόγῳ
335 2265 371 2330 οἱ
396 2273 444 2348 Δ,
468 2270 512 2350 Ε,
537 2271 578 2350 Ζ,
607 2262 651 2344 ὡς
678 2266 740 2352 μέν
768 2263 786 2334 6
810 2274 843 2334 A
869 2264 952 2353 πρὸς
974 2265 1037 2335 τὸν
1066 2274 1107 2351 Β,

40 2391 74 2440 20
94 2367 200 2446 οὕτως
224 2364 241 2434 6
267 2376 300 2433 A
322 2366 406 2455 πρὸς
426 2368 487 2436 τὸν
511 2376 550 2455 Ε,
574 2367 619 2451 ὡς
642 2370 680 2438 66
704 2371 721 2439 6
746 2379 774 2438 Β
798 2372 882 2458 πρὸς
903 2371 965 2438 τὸν
988 2376 1027 2458 Γ,
1050 2372 1107 2440 οὕ-

48 2554 50 2559 ,
92 2497 156 2552 τως
185 2470 202 2540 6
226 2480 258 2540 E
283 2472 367 2562 πρὸς
394 2472 454 2542 τὸν
478 2482 518 2541 Ζ·
556 2477 657 2562 λέγω,
685 2474 737 2544 ὅτι
763 2477 819 2544 καὶ
847 2474 888 2545 δι’
915 2485 992 2545 ἴσον
1015 2476 1107 2545 ἐστὶν

93 2576 138 2660 ὡς
162 2576 180 2647 6
204 2590 236 2647 A
258 2578 343 2669 πρὸς
364 2579 424 2649 τὸν
448 2586 486 2667 Γ,
511 2581 617 2661 οὕτως
639 2579 657 2655 6
681 2589 715 2647 A
737 2579 821 2668 πρὸς
842 2580 903 2650 τὸν
927 2589 964 2650 Z.

156 2684 245 2755 Ἐπεὶ
267 2686 332 2776 γάρ
356 2689 447 2755 ἐστιν
471 2683 516 2765 ὡς
539 2685 557 2754 6
582 2696 614 2754 A
636 2685 720 2775 πρὸς
742 2687 804 2756 τὸν
828 2696 872 2773 Β,
900 2686 1007 2768 οὕτως
1031 2685 1048 2756 6
1073 2696 1107 2754 A

92 2791 178 2876 πρὸς
200 2791 260 2859 τὸν
284 2800 329 2878 Ε,
354 2789 494 2872 ἐναλλὰξ
517 2790 582 2879 ἄρα
606 2794 697 2861 ἐστὶν
721 2791 765 2873 ὡς
788 2791 806 2861 6
825 2803 858 2861 A
879 2794 963 2883 πρὸς
986 2794 1047 2863 τὸν
1062 2805 1106 2881 A,

39 2917 74 2968 25
93 2897 200 2976 οὕτως
228 2894 245 2964 6
271 2905 300 2964 B
327 2896 411 2986 πρὸς
437 2913 498 2966 τον
522 2906 559 2966 Ε.
604 2898 722 2985 πάλιν,
751 2902 825 2968 ἐπεί
849 2903 939 2969 ἐστιν
967 2897 1011 2980 ὥς
1035 2898 1053 2969 6
1077 2907 1105 2969 Β

15 3056 20 3076 ,
92 3000 174 3090 πρὸς
201 3000 261 3069 τὸν
290 3009 328 3088 Γ,
362 3000 469 3083 οὕτως
497 3001 515 3071 6
544 3011 576 3071 E
600 3004 684 3091 πρὸς
711 3003 771 3074 τὸν
799 3013 843 3092 Ζ,
871 3005 1013 3088 ἐναλλὰξ
1040 3006 1106 3093 ἄρα

92 3107 182 3175 ἐστὶν
210 3105 254 3186 ὡς
283 3105 300 3175 6
325 3117 353 3176 Β
380 3108 465 3198 πρὸς
490 3107 550 3176 τὸν
574 3117 618 3196 Ε,
648 3110 753 3191 οὕτως
782 3110 799 3179 6
824 3118 856 3179 Γ
874 3110 956 3199 πρὸς
980 3111 1042 3180 τὸν
1069 3120 1105 3179 Ζ.

93 3209 137 3293 (ὃς
160 3213 198 3281 66
222 3211 239 3280 6
264 3221 292 3280 Β
315 3213 399 3299 πρὸς
422 3213 482 3282 τὸν
505 3222 545 3301 E,
570 3213 676 3296 οὕτως
699 3214 716 3284 6
736 3226 768 3284 A
790 3216 875 3306 πρὸς
896 3217 956 3287 τὸν
976 3225 1023 3285 A·
1050 3218 1104 3286 καὶ

163 3397 188 3445 9.
208 3391 371 3462 Β]θοοιί.
390 3391 423 3445 V.
461 3387 512 3460 μέρ
550 3388 585 3446 τὰ
604 3387 677 3446 αὕτα
696 3411 723 3462 p.
771 3383 840 3448 '16
858 3395 925 3466 καί]
945 3411 1000 3451 om.
1018 3394 1102 3466 pr.

86 3457 230 3535 domm.
250 3478 305 3519 rec.
326 3462 356 3521 B.
432 3468 475 3517 17.
495 3411 535 3534 1¹76
556 3467 680 3533 P,Ap.
752 3469 796 3520 2⁷.
816 3459 866 3535 ὥς]
886 3481 987 3536 om.p.
