2348 3818
104 161 169 227 265
479 159 682 211 Στοιεεῑοει
701 154 736 222 ς’.

103 308 262 391 τρείσδοι·
312 303 416 388 λέγω,
458 298 510 368 ὅτι
552 299 570 367 6
611 309 644 367 A
686 296 867 385 ὁμώνυμον
911 297 1013 385 μέρος
1056 301 1117 383 ἔχει

103 413 149 499 τῷ
173 416 210 475 Β.

167 513 296 594 Ὁσάκις
318 512 382 602 γάρ
407 512 425 582 6
449 522 478 583 Β
501 540 561 581 τον
584 522 617 580 A
639 526 765 601 μετρεῖ,
793 515 953 580 τοσαῦται
978 509 1119 597 μονάδες

105 627 254 690 έστιοσαν
277 624 313 690 έν
337 625 382 713 τῷ
407 627 443 690 Γ.
491 621 560 690 έκεί
589 617 607 688 6
632 628 660 686 Β
688 617 748 688 τὸν
771 628 803 688 A
826 631 939 705 μετρεῖ
959 614 1044 684 κατὰ
1065 614 1120 694 τὰς

70 743 87 791 5
107 729 144 796 έν
171 731 218 814 τῷ
242 732 275 794 Γ
296 728 461 814 μονάδας,
493 738 606 814 μετρεῖ
632 725 670 793 δέ
696 725 753 793 καὶ
780 721 801 811 ἡ
827 731 860 791 A
882 721 988 811 μονάς
1010 725 1072 790 τὸν
1094 725 1123 789 Γ

105 831 256 920 άριδμδν
276 830 360 900 κατά
383 836 441 913 τὰς
464 835 501 901 έν
525 829 615 922 αὐτῷ
639 833 804 918 μονάδας,
828 829 936 910 ἰσάκις
959 827 1025 916 άρα
1048 825 1069 914 ἡ
1089 836 1121 894 A

105 937 210 1024 μονάς
237 937 297 1007 τὸν
320 943 353 1006 Γ
376 936 525 1027 άριδμὸν
553 951 664 1026 μετρεῖ
686 937 742 1005 καί
766 964 784 1004 ο
809 944 838 1004 Β
861 934 921 1004 τὸν
945 944 986 1003 Α.
1029 935 1120 1002 έναλ-

104 1044 165 1126 λάξ
188 1044 254 1132 άρα
277 1045 386 1123 ἰσάκις
407 1041 429 1129 ἡ
450 1050 483 1110 A
506 1041 611 1130 μονάς
632 1041 693 1112 τὸν
711 1051 740 1111 Β
765 1040 914 1131 άριθμδν
937 1055 1052 1128 μετρεῖ
1067 1039 1121 1106 καί

61 1227 64 1232 ,
105 1149 124 1219 6
149 1156 181 1219 Γ
206 1149 266 1218 τὸν
293 1160 338 1218 A·
376 1147 395 1217 6
425 1148 491 1237 άρα
521 1150 619 1237 μέρος
647 1151 739 1218 ἐστὶν
765 1147 786 1235 ἡ
816 1156 849 1216 A
876 1146 982 1234 μονὰς
1008 1151 1121 1215 τοῦΒ

54 1283 86 1330 10
105 1255 266 1347 ἀριθμοῦ,
288 1260 327 1325 τὸ
351 1254 433 1324 αὐτὸ
457 1257 557 1343 μέρος
579 1256 648 1324 ἐστὶ
670 1256 726 1324 καί
750 1252 821 1324 ὁΓ
838 1258 899 1323 τοῦ
917 1264 959 1324 A.
991 1251 1072 1339 ἡδὲ
1090 1261 1121 1319 A

105 1361 210 1449 μονάς
236 1365 297 1430 τοῦ
320 1369 349 1429 Β
377 1359 527 1448 άριθμοῦ
557 1363 656 1449 μέρος
685 1362 776 1430 έστίν
805 1359 988 1448 ὁμώνυμον
1016 1357 1121 1451 αὐτῷ·

104 1468 160 1535 καί
193 1465 211 1535 6
240 1474 274 1535 Γ
298 1466 363 1552 άρα
394 1472 456 1536 τοῦ
485 1477 517 1536 A
548 1469 647 1556 μέρος
679 1468 770 1536 ἐστὶν
799 1466 982 1554 ὁμάννμον
1008 1470 1056 1559 τῷ
1083 1473 1121 1533 Β.

105 1572 190 1642 ὥστε
217 1573 235 1642 6
263 1582 296 1642 A
322 1574 422 1662 μέρος
449 1579 516 1662 ἔχει
543 1602 603 1644 τον
632 1580 664 1643 Γ
688 1573 871 1661 ὁμάννμον
898 1572 982 1659 ὅντα
1009 1576 1056 1660 τῷ
1080 1580 1121 1640 Β·

106 1679 186 1770 ὅπερ
210 1685 279 1749 ἔδει
302 1683 415 1762 δεῖξαι.

54 1839 87 1888 15
578 1806 646 1891 δῖ’·

171 1928 260 1997 Ἐὰν
293 1927 466 2015 άριθμος
494 1930 610 2014 μέρος
639 1933 705 2015 ἔχῃ
734 1925 886 2014 ὁτιοῦν,
920 1924 994 1994 ὑπὸ
1024 1922 1123 2013 ὁμω-

106 2037 236 2120 νύμον
259 2032 436 2120 άριδμοῦ
459 2034 751 2122 μετρηθήσεται
774 2037 823 2124 τῷ
848 2034 965 2121 μέρει.

166 2138 326 2225 Ἀριθμὸς
348 2138 411 2227 γὰρ
437 2137 454 2206 6
479 2148 511 2206 A
534 2140 632 2226 μέρος
656 2141 754 2226 ἐχέτω
779 2135 895 2206 ὁτιοῦν
918 2142 978 2207 τὸν
1002 2138 1123 2225 Β,καί

105 2248 151 2337 τῷ
172 2253 200 2311 Β
224 2245 314 2329 μέρει
339 2241 518 2331 ὁμώνυμος
541 2250 623 2311 έστω
645 2242 815 2333 [ἀριθμὸς]
838 2241 855 2312 6
876 2251 914 2312 Γ·
947 2245 1046 2331 λέγω,
1071 2245 1123 2312 ὅτι

53 2378 88 2425 20
108 2349 125 2418 6
150 2357 182 2418 Γ
198 2348 261 2417 τὸν
284 2359 316 2416 Α
339 2364 457 2438 μετρεῖ.

171 2455 260 2523 Ἐπεὶ
288 2453 351 2541 γάρ
380 2455 398 2523 6
422 2464 451 2525 Β
478 2460 539 2525 τοῦ
562 2466 594 2524 Α
622 2457 720 2544 μέρος
747 2456 839 2524 ἐστὶν
869 2454 1053 2543 ὁμώνυμον
1075 2459 1121 2543 τῷ

107 2569 144 2648 Γ,
178 2567 246 2629 ἔστι
280 2561 317 2629 δέ
344 2563 400 2630 καὶ
428 2560 448 2649 ἡ
478 2570 511 2630 A
538 2566 643 2650 μονάς
669 2567 731 2630 τοῦ
758 2568 791 2631 Γ
814 2563 913 2649 μέρος
940 2560 1123 2649 ὁμώνυμον

107 2667 208 2760 αὐτῷ,
228 2665 327 2757 δάρα
342 2670 440 2757 μέρος
455 2669 545 2736 ἐστὶν
561 2666 580 2754 ἡ
596 2676 630 2736 A
644 2666 748 2755 μονὰς
770 2671 830 2735 τοῦ
848 2673 882 2734 Γ
900 2665 1061 2754 ἀριθμοῦ,
1086 2666 1124 2734 τὸ

108 2773 188 2842 αὐτὸ
212 2777 312 2862 μέρος
335 2776 404 2841 ἐστὶ
426 2775 482 2841 καὶ
506 2772 523 2842 6
544 2783 572 2841 B
595 2777 657 2842 τοῦ
676 2784 720 2842 Α·
752 2775 860 2853 ἰσάκις
882 2771 948 2862 άρα
971 2771 991 2860 ἡ
1011 2781 1046 2840 Δ
1064 2801 1124 2860 μο-

54 2907 88 2955 25
107 2880 167 2960 νὰς
194 2879 255 2947 τὸν
279 2886 311 2947 Γ
332 2878 481 2967 άριδμδν
505 2892 618 2966 μετρεῖ
638 2880 693 2946 καί
718 2876 735 2946 6
759 2886 788 2946 B
812 2879 872 2947 τὸν
895 2889 936 2947 Α.
982 2879 1124 2962 ἐναλλάξ

178 3064 204 3144 Q
222 3057 277 3128 τῷ]
300 3075 369 3113 corr.
389 3075 424 3113 ex
440 3077 472 3112 το
491 3075 528 3111 m.
549 3063 564 3110 2
583 3055 644 3138 V...
672 3063 698 3112 4.
717 3057 887 3143 τῷ]οεμ.ρ.
944 3058 984 3128 Γ]
1001 3074 1072 3142 ροσε.
1088 3059 1121 3113 V.

108 3135 150 3182 10.
169 3129 264 3200 μερος]
283 3147 340 3198 mg.
360 3150 390 3197 φ.
483 3133 524 3182 13.
545 3127 584 3198 Γ]
612 3146 641 3181 m
666 3145 718 3182 ras.
743 3146 773 3195 φ.
812 3147 962 3197 ομαννμον
980 3147 1031 3181 τον
1052 3133 1121 3198 Pp.

108 3197 190 3270 ὄντα]
213 3195 257 3253 ὅν·
277 3217 361 3270 supra
378 3219 415 3253 m.
436 3198 499 3266 1P3
515 3216 568 3253 om.
583 3216 611 3268 p.
668 3203 709 3254 15.
729 3196 759 3267 μ’
775 3197 838 3265 BV,
852 3198 874 3252 P
888 3218 925 3253 m.
940 3215 1006 3266 re0.;
1026 3196 1080 3268 μα’
1095 3218 1121 3269 p.

145 3277 185 3325 16.
205 3265 278 3340 ὑπό]
300 3288 335 3324 m.
355 3277 371 3325 κ
391 3271 421 3326 Β.
511 3277 552 3324 18.
570 3266 633 3340 τόν]
651 3267 684 3323 τό
703 3268 766 3336 Ρφ,
786 3270 815 3323 et
834 3287 849 3324 e
868 3287 937 3324 corr.
957 3269 991 3324 V.
1080 3276 1121 3325 19.

106 3337 259 3467 δέέόέέέίέέ
274 3359 338 3465 Ιέστὶ
356 3336 511 3479 κάέιῗίμέέ]
527 3340 700 3466 mamm
719 3340 961 3481 ξ’(δδβοδιξέίδέιμῗχ
975 3345 996 3393 Β
1011 3347 1123 3481 ἓδωμέέ

95 3503 147 3553 ρος
165 3503 225 3552 αρα
268 3528 273 3540 .
