2310 3824
333 145 606 198 ELEMENTORUM
623 146 733 197 LIBER
750 146 797 200 IX
994 143 1075 208 ,395

507 321 625 389 XXIV.

126 446 161 513 Si
181 471 200 513 a
217 469 353 513 numero
372 447 444 531 pari
461 469 523 530 par
537 447 751 532 subtrahitur,
768 447 910 533 reliquus
925 447 1072 531 pararit.

124 553 211 621 Nam
230 577 250 619 a
268 556 340 640 pari
357 575 490 620 numero
506 558 572 618 AB
590 576 651 638 par
671 554 882 619 subtrahatur
895 558 967 620 ΒΓ.
992 550 1089 639 diuo,¹

56 662 219 746 reliquum
241 662 302 726 ΓΑ
323 681 436 744 parem
460 681 538 725 esse.

420 805 443 853 Α
569 802 596 853 Γ
682 803 704 852 Β

420 887 699 926 1--1--1

124 1020 202 1064 nam
226 998 379 1082 quoniam
393 1003 458 1065 AB
481 1021 542 1084 par
560 1002 619 1082 est,
640 1003 768 1082 partem
787 1000 954 1065 dimidiam
972 999 1072 1064 habet

59 1105 139 1186 [VII
163 1103 224 1169 def.
248 1105 292 1186 6].
338 1105 449 1171 eadam
478 1106 516 1170 de
545 1127 642 1172 eausa
670 1105 768 1170 etiam
792 1108 858 1172 ΒΓ
875 1109 1003 1190 partem
1026 1104 1071 1169 di·

57 1211 192 1277 midiam
210 1211 319 1276 habet.
355 1233 431 1298 argo
456 1213 554 1278 etiam
573 1213 717 1298 reliquus
731 1213 800 1278 AF
817 1235 878 1299 par
899 1215 960 1298 ast,
986 1211 1071 1296 quod

57 1320 129 1382 erat
149 1317 445 1385 demonstrandum.

515 1476 617 1542 XXV.

125 1599 159 1667 Si
184 1624 203 1666 a
224 1623 356 1667 numero
379 1603 451 1686 pari
473 1603 579 1687 impar
602 1600 818 1687 subtrahitur,
847 1602 989 1686 reliquus
1012 1603 1071 1666 im·

53 1730 117 1792 par
140 1708 210 1774 erit.

122 1812 208 1880 Nam
241 1836 260 1878 a
288 1815 359 1899 pari
386 1835 521 1879 numero
542 1819 607 1880 AB
634 1813 741 1898 impar
765 1814 976 1879 subtrahatur
998 1815 1070 1880 ΒΓ.

53 1921 138 2005 diso,
159 1919 321 2005 reliquum
345 1922 406 1983 ΓΑ
427 1920 586 2002 imparem
610 1940 690 1986 esse.

376 2075 732 2113 i—-i-i—-i

376 2134 398 2183 A
547 2133 574 2183 Γ
607 2132 633 2183 Δ
723 2134 745 2182 Β

123 2257 335 2323 subtrahatur
363 2255 448 2320 enim
476 2277 495 2319 a
522 2257 591 2318 ΒΓ
613 2255 722 2319 unitas
750 2258 821 2320 ΓΔ.
867 2254 976 2340 itaque
1004 2261 1071 2321 AB

54 2384 127 2448 par·
141 2367 191 2429 est
210 2361 287 2444 [VII
301 2362 363 2429 def.
380 2363 422 2441 7].
453 2382 568 2426 uarum
591 2361 690 2426 utiam
708 2365 774 2427 AB
797 2384 858 2446 par
881 2367 941 2428 est.
973 2385 1072 2448 quare

54 2470 156 2534 etiam
183 2470 324 2554 reliquus
348 2473 419 2533 ΑΔ
445 2490 506 2552 par
529 2471 580 2532 est
602 2469 706 2552 [prop.
724 2466 860 2549 XXIV}
907 2472 940 2532 st
962 2470 1070 2533 unitas

55 2578 108 2640 est
130 2579 201 2640 ΓΔ.
245 2595 323 2660 argo
346 2577 407 2641 ΓΑ
429 2576 536 2658 impar
558 2577 608 2638 est
632 2572 710 2654 [VII
733 2572 795 2638 def.
820 2575 866 2656 7];
890 2574 976 2658 quod
1000 2578 1071 2639 erat

53 2680 354 2747 demonstrandum.

503 2821 623 2887 XXVI.

124 2943 159 3010 si
192 2966 211 3009 a
238 2965 372 3011 numero
398 2945 518 3033 impari
544 2945 650 3030 impar
678 2945 894 3029 subtrahitur,
926 2946 1068 3031 reliquus
1142 3026 1149 3039 .

53 3076 116 3139 par
138 3053 209 3118 erit.

393 3173 715 3211 i-——i—i—-r

392 3231 415 3281 A
546 3231 573 3282 Γ
641 3232 667 3283 Δ
702 3233 724 3281 Β

123 3353 210 3420 Nam
243 3354 284 3419 ab
316 3353 434 3437 impari
465 3375 599 3419 numero
628 3360 694 3419 AB
726 3354 832 3441 impar
859 3351 1072 3418 subtrahatur

52 3463 125 3528 ΒΓ.
162 3460 242 3544 dica,
265 3459 425 3554 reliquum
448 3461 509 3525 ΓΑ
531 3482 644 3545 parem
667 3482 747 3526 asse.
