2348 3818
336 163 612 215 normannorum
630 163 738 214 amaa
756 163 831 215 vni.
1024 161 1088 226 337
1121 206 1128 221 .

538 357 639 425 XXV.

144 481 179 547 Si
207 483 270 548 dno
305 483 433 548 numeri
461 484 547 548 inter
574 505 609 548 11
636 484 796 549 rationem
824 482 961 566 habent,
993 503 1092 568 quam

77 588 181 654 cubus
204 610 356 653 numerus
381 590 422 654 ad
446 590 562 653 cubum
586 610 766 674 numerum,
789 593 822 654 et
845 589 967 673 primus
991 591 1092 655 cubus

75 698 141 780 est,
163 695 263 759 etiam
288 695 445 760 secundus
469 695 569 760 cubus
595 695 664 759 erit.

143 800 216 865 Duo
241 801 326 865 enirn
349 801 475 865 numeri
496 806 534 884 A,
552 805 581 864 Β
600 801 685 864 inter
704 823 738 865 se
761 801 922 865 rationem
940 801 1092 887 habeant,

79 930 176 994 quam
211 908 312 971 cubus
339 929 492 971 numerus
521 909 554 970 Γ
578 907 618 971 ad
646 889 763 972 enbum
790 929 960 972 numerum
988 917 1034 992 A,
1062 912 1095 972 et

76 1015 179 1079 cubus
207 1015 251 1077 sit
274 1018 314 1078 A.
361 1013 446 1098 dieo,
470 1013 569 1079 etiam
591 1017 621 1078 B
645 1012 763 1078 cubum
787 1034 866 1078 esse.

145 1144 222 1185 nam
247 1120 402 1204 quoniam
424 1123 461 1204 Γ,
479 1125 513 1183 Δ
537 1119 611 1184 cubi
635 1122 719 1202 sunt,
741 1122 779 1203 Γ,
798 1125 832 1183 Δ
856 1117 978 1184 similes
997 1120 1094 1186 solidi

80 1231 166 1293 sunt.
217 1227 328 1309 itaque
360 1227 447 1289 inter
477 1228 519 1308 Γ,
539 1231 572 1289 Δ
605 1225 667 1289 duo
701 1225 800 1289 medii
833 1227 1092 1309 proportionales

79 1335 332 1417 interponuntur
363 1331 490 1395 numeri
521 1333 623 1415 [prop.
646 1329 748 1412 XIX].
804 1332 870 1396 iam
899 1335 979 1418 quot
1010 1333 1096 1397 inter

77 1443 120 1524 Γ,
139 1445 173 1503 Δ
196 1437 371 1503 secundum
398 1438 644 1521 proportionem
667 1437 856 1501 continuam
883 1439 1093 1523 interponun-

290 1617 457 1663 Ai——d¹
663 1612 888 1664 Ei-—i

291 1721 323 1771 Bi
592 1735 595 1770 ι
842 1720 863 1770 Ζ

294 1828 492 1878 Γ1--1
885 1787 896 1832 l

294 1936 402 1984 cti-—

81 2098 138 2159 tur
169 2095 310 2177 numeri,
346 2093 482 2157 totidem
516 2093 613 2157 etiam
646 2094 731 2157 inter
764 2112 832 2174 eos,
870 2091 926 2174 qui
963 2091 1096 2155 eandem

84 2202 247 2266 rationem
274 2201 410 2283 habent,
440 2200 691 2283 interponuntur
719 2201 825 2283 [prop.
839 2195 953 2279 'VHI].
998 2219 1096 2282 quare

85 2308 187 2372 etiam
219 2307 304 2371 inter
325 2311 417 2388 Α,Β
446 2306 509 2371 (luo
537 2306 635 2369 medii
665 2304 926 2389 proportionales
954 2305 1098 2387 interpo-

86 2417 210 2478 nuntur
239 2414 374 2478 numeri.
424 2414 674 2495 interponantur
703 2415 745 2493 E,
770 2414 807 2474 Z.
852 2411 917 2473 iam
945 2410 1099 2494 quoniam

62 2518 66 2523 ’
83 2523 238 2604 quattuor
270 2520 396 2584 numeri
419 2524 464 2602 A,
484 2523 527 2602 E,
545 2523 586 2601 Z,
605 2522 633 2581 B
657 2517 806 2599 deinceps
835 2516 1097 2598 proportionales

84 2629 174 2709 sunt,
194 2629 227 2688 et
241 2626 342 2690 eubus
362 2627 411 2688 est
430 2631 469 2706 A,
489 2624 586 2687 etiam
605 2627 634 2686 Β
650 2623 749 2686 cubus
765 2624 814 2686 111
836 2623 940 2703 [prop.
954 2619 1098 2705 XXIII]3

86 2731 174 2816 quod
197 2735 267 2797 erat
290 2730 586 2796 demonstrandum.

535 2922 654 2990 XXVI.

155 3049 284 3116 Similes
313 3047 438 3114 numeri
465 3047 554 3131 plani
583 3046 667 3111 inter
695 3068 729 3111 se
758 3069 828 3110 eam
856 3046 1016 3109 rationem
1044 3045 1100 3110 ha·

87 3157 176 3234 bont,
190 3178 287 3239 quam
302 3155 477 3239 quadratus
492 3174 643 3216 numerus
659 3152 699 3216 ad
714 3152 907 3236 quadratum
920 3172 1099 3217 numerum.

156 3260 228 3326 Sint
257 3260 379 3326 similes
407 3259 534 3324 numeri
563 3258 653 3340 plani
680 3263 721 3339 A,
746 3262 781 3323 B.
832 3258 917 3342 dieo,
944 3263 976 3321 A
1004 3256 1044 3320 ad
1071 3259 1101 3319 Β

85 3391 163 3434 eam
192 3368 353 3432 rationem
379 3364 513 3447 habere,
541 3385 638 3447 qnam
663 3363 839 3447 quadratus
863 3383 1015 3428 numerus
1046 3361 1103 3424 ha·

87 3476 168 3540 beat
191 3475 231 3539 ad
253 3474 446 3558 quadratum
469 3491 653 3536 numerum.

82 3617 86 3627 ,
137 3587 287 3639 Euclides,
304 3587 476 3639 manethera
491 3591 514 3630 et
528 3587 627 3638 Menge.
654 3587 692 3628 ss.
943 3569 987 3615 Ὦ·
