2348 3818
65 137 130 202 194
441 137 643 189 nomm·
660 132 698 201 ζ’·

63 294 149 365 τρεῖ,
180 279 235 344 καὶ
269 277 288 345 ὁ
318 285 358 345 Η
384 277 453 363 ἄρα
481 275 542 343 τὸν
569 283 636 343 ΒΕ
663 291 790 362 μετρεῖ·
821 291 938 363 μετρεῖ
963 277 1002 344 δὲ
1026 277 1081 344 καὶ

65 385 147 454 ὅλον
178 383 239 451 τὸν
270 391 349 450 BA·
381 384 437 450 καὶ
468 380 590 450 λοιπὸν
620 381 689 468 ἄρα
724 382 786 450 τὸν
817 391 889 450 ΑΕ
918 382 1082 469 μετρήσει.

65 491 85 560 ὁ
109 492 146 559 δὲ
168 497 237 556 ΑΕ
257 487 319 557 τὸν
342 497 409 557 ΔΖ
431 503 555 575 μετρεῖ·
581 491 639 556 ιιιιὶ
661 490 681 556 ὁ
704 496 744 556 Η
761 487 831 573 ἄρα
851 488 915 557 τὸν
938 497 1008 557 ΔΖ
1029 516 1082 576 με·

64 597 193 682 τρήσει·
216 610 331 682 μετρεῖ
352 596 389 664 δὲ
411 597 466 663 καὶ
491 593 574 663 ὅλον
596 594 658 663 τὸν
681 601 764 663 ΔΓ·
792 596 850 662 καὶ
873 595 996 663 λοιπὸν
1018 593 1084 681 ἄρα

28 720 46 768 5
65 702 125 771 τὸν
148 708 209 769 ΓΖ
231 702 386 789 μετρήσει
409 699 428 769 ὁ
451 707 572 787 μειῖων
594 699 655 768 τὸν
677 703 858 769 ἐλάσσονα·
885 699 970 787 ὅπερ
993 701 1085 768 ἐστὶν

64 809 249 877 ἀδύνατον
280 805 343 875 οὐκ
365 806 433 891 ἄρα
455 805 535 885 τοὺς
556 815 640 891 AB,
657 813 691 875 Γ
686 817 721 874 Δ
742 804 914 892 ἀριθμοὺς
935 803 1084 893 ἀριθμός

64 944 113 996 τις
135 915 290 1003 μετρήσει
313 920 433 1002 μείζων
455 909 506 980 ιδν
527 918 590 980 τοῦ
612 919 687 981 ΓΖ·
711 911 730 980 ὁ
754 919 816 981 ΓΖ
834 911 901 998 ἄρα
918 917 989 979 τῶν
1008 921 1121 998 ΑΒ,-

66 1029 97 1090 Γ
94 1032 128 1091 Δ
156 1021 314 1108 μέγιστόν
336 1023 406 1088 ἐστι
433 1017 552 1087 κοινὸν
580 1022 703 1105 μέτρον
731 1018 827 1102 [ὅπερ
855 1023 923 1099 ἔδει
953 1022 1082 1104 defga}

479 1213 673 1299 Πόρισμα.

12 1357 46 1404 10
106 1340 161 1409 Ἐκ
185 1340 227 1425 δή
250 1338 374 1407 τούτου
396 1336 558 1423 φανερόν,
582 1335 633 1404 ὅτι
652 1336 711 1405 ἐὰν
729 1334 877 1424 ἀριθμὸς
900 1337 967 1405 δύο
985 1335 1108 1425 ἆριθν

64 1446 149 1533 μοὺς
175 1449 292 1532 μετρῇ,
325 1443 381 1510 καὶ
408 1442 448 1511 τὸ
479 1447 637 1529 μέγιστον
664 1441 778 1512 αὐτῶν
807 1443 927 1512 κοινὸν
959 1445 1079 1532 μέτρον

64 1551 231 1639 μετρήσει·
257 1550 339 1636 ὅπερ
362 1554 430 1618 ἔδει
454 1553 569 1630 δεῖξαι.

550 1773 593 1830 γ.

135 1876 262 1957 Τριῶν
285 1870 468 1955 ἀριθμῶν
493 1870 698 1935 δοθέντων
721 1866 770 1953 μή
794 1866 966 1949 πρώτων
985 1866 1100 1955 πρὸς

14 1992 46 2041 15
66 1975 263 2063 ἀλλήλους
295 1975 336 2041 τὸ
376 1976 565 2059 μέγιστον
603 1973 733 2042 αὐτῶν
764 1971 904 2041 κοινὸν
938 1975 1083 2063 μέτρον

65 2083 211 2166 εὑρεῖν.
468 2160 471 2165 ¹

122 2185 296 2253 Ἔστωσαν
331 2187 365 2251 οἱ
396 2185 555 2263 δοθέντες
587 2201 675 2271 τρεῖς
706 2184 848 2273 ἀριθμοὶ
881 2184 926 2272 μή
955 2190 1082 2272 πρῶτοι

65 2291 148 2378 πρὸς
175 2289 342 2375 ἀλλήλους
370 2295 405 2359 οί
431 2301 477 2376 A,
496 2299 540 2377 Β,
559 2298 599 2359 Γ·
631 2297 685 2359 δεῖ
706 2291 748 2378 δή
770 2297 839 2360 των
862 2303 910 2377 A,
929 2298 975 2377 B,
994 2290 1081 2360 Γτδ

66 2402 222 2486 μέγιστον
245 2398 363 2466 κοινὸν
386 2399 508 2485 μέτρον
531 2395 654 2485 εὑρεῖν.

12 2528 46 2577 20
132 2503 298 2591 Εἰλήφθω
327 2504 391 2592 γὰρ
420 2505 483 2572 δύο
506 2509 575 2573 τοῖν
599 2515 640 2587 A,
660 2512 688 2571 B
711 2503 749 2572 τὸ
778 2506 935 2590 μέγιστον
963 2503 1081 2572 κοινὸν

65 2615 187 2702 μέτρον
211 2612 229 2682 ὁ
254 2622 299 2680 Δ·
324 2609 341 2681 δ
367 2612 409 2698 δή
430 2621 463 2678 Δ
484 2610 544 2679 τὸν
567 2618 599 2678 Γ
618 2609 693 2697 ήτοι
716 2607 870 2697 μετρεῖή
896 2608 937 2679 οὐ
961 2624 1081 2699 μετρεῖ,

66 2726 221 2809 μετρείτω
249 2719 427 2806 πρότερον·
459 2732 572 2805 μετρεῖ
602 2717 640 2784 δὲ
671 2718 727 2784 καὶ
758 2716 836 2797 τοὺς
863 2727 906 2802 A,
930 2726 971 2785 Β·
1001 2719 1020 2786 δ
1049 2725 1081 2785 Δ

66 2824 131 2913 ἄρα
163 2824 242 2903 τοὺς
275 2835 320 2909 A,
339 2832 382 2909 B,
403 2831 435 2891 Γ
461 2838 584 2912 μετρεῖ·
618 2820 636 2892 ὁ
671 2833 703 2890 A
735 2822 801 2910 ἄρα
832 2827 900 2891 τῶν
932 2834 977 2910 A,
996 2829 1086 2910 Β,Γ

66 2929 185 2999 κοινὸν
218 2931 338 3015 μέτρον
372 2932 470 2997 ἐστίν.
525 2931 610 3016 λέγω
649 2928 706 3016 δή,
744 2928 796 2998 ὅτι
827 2931 883 2997 καὶ
916 2931 1083 3017 μέγιστον.

139 3114 163 3160 3.
184 3112 290 3174 μετρεῖ·
311 3106 375 3176 καί]
397 3123 466 3160 corr.
487 3124 520 3160 ex
536 3103 669 3191 μετρήσει
683 3124 718 3160 m.
737 3113 751 3160 1
766 3126 792 3192 ρ.
848 3103 899 3161 τὸν
915 3112 966 3161 ΔΖ
981 3103 1038 3175 ἄρα
1050 3107 1078 3162 F.

67 3174 213 3247 μετρήσει]
234 3184 333 3245 μετρεῖ
347 3178 376 3230 Ρ.
467 3184 492 3233 4.
512 3178 573 3248 τον]
601 3195 669 3232 corr.
696 3195 729 3231 ex
747 3197 779 3232 το
797 3196 834 3232 m.
856 3184 870 3231 1
889 3197 916 3246 p.
1007 3178 1076 3246 ΔΓ]

68 3252 118 3301 ΓΔ
137 3266 163 3318 p.
252 3253 275 3302 5.
296 3243 383 3319 ἐστίν]
405 3265 458 3302 om.
479 3248 510 3302 Β.
597 3255 621 3303 8,
643 3246 717 3301 ἐστιν
736 3247 796 3302 PV.
885 3255 926 3303 10.
945 3250 1029 3303 τοῦτο
1048 3249 1076 3310 Ρ,

67 3320 115 3373 sed
136 3337 205 3374 corr.
290 3325 329 3372 12.
351 3313 420 3385 ὅπερ
441 3317 500 3373 ἔδει
519 3320 623 3390 δεῖξαι]
644 3318 679 3384 Ρ;
698 3336 753 3374 om.
772 3320 887 3389 BFVp.
969 3325 1011 3374 19.
1030 3315 1075 3388 μέ-

65 3391 145 3463 τρον]
171 3390 214 3445 bis
233 3407 260 3459 p.
352 3395 393 3444 20.
414 3386 467 3443 δύο
486 3386 539 3458 γάρ
558 3408 584 3458 p.
673 3396 715 3445 22.
740 3391 851 3461 μετρεῖ]
876 3390 948 3459 (εδδ)
970 3406 1023 3444 om.
1046 3388 1074 3441 F.

103 3466 145 3517 24,
166 3458 251 3532 ἐστίν]
273 3476 363 3530 comp.
383 3461 441 3529 Fp3
461 3456 523 3514 ἐστί
537 3459 625 3516 PBV.
699 3458 752 3532 δή]
772 3478 826 3516 om.
845 3462 876 3516 P.
