2310 3824
77 157 143 222 180
458 151 661 205 ΣΤΟΙΧΕΙΩΝ
679 145 720 204 ς’.

76 297 253 385 ἀλλήλαις,
283 303 353 363 ίσαι
380 294 445 363 είσὶ
473 293 530 360 καὶ
559 295 596 359 αί
617 289 683 361 ὑπὸ
711 296 822 376 ΒΗΓ,
843 288 964 376 ΓΗΚ,
988 297 1098 359 ΚΗΛ

76 398 199 490 γωνίαι
228 401 400 488 ἀλλήλαις·
432 399 648 468 ίσαπλασίων
671 398 737 486 ἀρα
760 397 851 466 έστὶν
874 394 895 483 ἡ
921 403 987 463 BA
1012 421 1100 486 περι·

78 510 274 598 φέρειωτής
292 515 364 593 ΒΓ,
387 508 686 576 τοσαυταπλασίων
705 504 774 573 ἐστὶ
792 503 848 571 καὶ
866 503 887 590 ή
907 501 974 572 ὑπὸ
995 510 1068 573 ΒΗ
1072 512 1101 573 A

76 620 184 702 γωνία
212 620 271 700 τῆς
298 614 365 682 ὑπὸ
395 620 503 681 ΒΗΓ.
550 609 607 679 διὰ
631 610 680 677 τά·
696 608 780 679 αάτά
809 608 851 696 δὴ
874 611 930 678 καὶ
955 607 1100 679 ὁσαπλα-

43 737 59 786 5
78 727 162 789 σίων
184 721 276 789 ἐστὶν
295 719 316 808 ή
333 727 371 787 Ν
373 728 405 788 Ε
421 719 616 807 περιφέρεια
637 720 695 803 τῆς
708 724 782 803 ΕΖ,
801 724 1102 787 τοσαυταπλασίων

79 827 148 895 ἐστὶ
171 829 228 894 καὶ
252 825 273 914 ή
297 826 365 895 ὑπὸ
390 833 496 894 ΝΘΕ
521 829 628 909 γωνία
651 828 709 909 τῆς
736 820 803 891 ὑπὸ
828 829 933 891 ΕΘΖ.
980 829 1013 891 εί
1036 822 1103 911 ἀρα

79 942 134 1020 ἴση
166 934 258 1002 ἐστὶν
285 931 305 1018 ἡ
335 938 400 999 BA
428 931 621 1018 περιφέρεια
647 934 687 1018 τῇ
712 936 786 997 ΕΝ
805 934 1017 1021 περιφερείᾳ,
1047 939 1102 1016 ἴση

79 1041 149 1110 ἐστὶ
181 1040 237 1107 καὶ
269 1044 376 1124 γωνία
402 1036 423 1124 ἡ
454 1034 520 1105 ὑπὸ
549 1044 654 1104 ΒΗΛ
680 1040 720 1124 τῇ
749 1033 815 1104 ὑπὸ
839 1043 959 1122 ΕΘΝ,
987 1038 1046 1104 καὶ
1074 1041 1105 1104 εί

79 1152 200 1232 μείζων
231 1144 321 1212 ἐστὶν
349 1141 369 1229 ἡ
395 1150 461 1210 ΒΛ
486 1144 678 1231 περιφέρεια
704 1145 763 1227 τῆς
785 1149 860 1210 ΕΝ
878 1149 1100 1231 περιφερείας,

28 1267 61 1315 10
80 1254 203 1338 μείζων
232 1250 301 1331 ἐστὶ
328 1248 384 1316 καὶ
411 1247 432 1336 ή
456 1247 522 1317 ὑπὸ
551 1256 656 1318 ΒΗΛ
685 1254 793 1336 γωνία
815 1252 873 1334 τῆς
895 1247 962 1317 ὑπὸ
988 1255 1101 1334 ΕΘΝ,

79 1358 136 1424 καὶ
160 1361 191 1424 εί
214 1353 381 1440 έλάσσων,
406 1354 565 1424 έλάσσων.
612 1354 785 1443 τεσσάρων
813 1355 855 1441 δή
876 1356 988 1424 ὄντων
1011 1382 1103 1443 μεγε-

80 1449 168 1547 Θάἶν,
193 1461 256 1529 δύο
281 1461 343 1547 μὲν
366 1465 587 1550 περιφερειῶν
610 1466 678 1529 τῶν
702 1466 774 1546 ΒΓ,
792 1468 865 1542 ΕΖ,
890 1461 953 1528 δύο
978 1461 1018 1528 δὲ·
1041 1489 1104 1547 γω-

81 1571 166 1636 νιῶν
199 1571 268 1636 τῶν
300 1565 368 1635 ὑπὸ
398 1575 509 1653 ΒΗΓ,
535 1575 648 1652 ΕΘΖ,
681 1575 832 1653 είλήπται
861 1571 920 1654 τής
950 1565 1013 1652 μὲν
1042 1573 1111 1635 ΒΓ

80 1680 297 1764 περιφερείας
319 1675 375 1742 καὶ
398 1677 457 1761 τής
479 1673 545 1742 ὑπὸ
571 1680 679 1741 ΒΗΓ
701 1679 826 1759 γωνίας
847 1671 958 1750 ῖσάκις
980 1679 1106 1740 πολλα-

28 1803 62 1852 15
81 1788 235 1850 πλασίων
262 1779 347 1868 ή-τε
374 1787 440 1848 BA
470 1781 662 1868 περιφέρεια
689 1779 745 1846 καὶ
772 1775 792 1864 ή
821 1775 888 1844 ὑπὸ
911 1783 1018 1843 ΒΗΛ
1041 1806 1105 1864 γω-

82 1894 153 1973 νία,
182 1892 241 1973 τής
273 1886 312 1953 δέ
335 1893 398 1952 ΕΖ
421 1891 633 1972 περιφερείας
660 1885 715 1950 καὶ
743 1887 801 1970 τῆς
828 1880 894 1950 ὑπὸ
919 1890 1018 1951 ΕΘΖ
1042 1913 1107 1970 γω-

82 2000 157 2072 νίας
189 1994 211 2078 ή
245 2016 280 2056 τε
306 1997 381 2055 ΕΝ
408 1990 601 2077 περιφέρεια
627 1989 683 2053 καὶ
712 1986 732 2075 ή
760 1987 825 2056 ὑπὸ
856 1995 963 2055 ΕΘΝ
986 1998 1107 2074 γωνία.

82 2099 137 2163 καὶ
168 2098 347 2179 δέδεικται,
377 2094 428 2161 ὅτι
456 2098 487 2160 εί
513 2090 668 2181 ὑπερέχει
696 2093 717 2182 ή
742 2102 807 2163 ΒΛ
830 2095 1025 2183 περιφέρεια
1049 2102 1109 2184 τῆς

82 2208 157 2268 ΕΝ
185 2203 411 2287 περιφερείας,
445 2198 597 2287 ὑπερέχει
629 2198 733 2266 καὶ“
717 2229 737 2286 η
766 2199 831 2268 ὑπ(
864 2207 970 2267 ΒΗΛ
998 2211 1108 2287 γωνία

32 2333 67 2380 20
85 2311 143 2392 τῆς
161 2303 227 2373 ὑπο
249 2313 356 2374 ΕΘΝ
369 2311 503 2392 γωνίας,
522 2306 578 2372 καὶ
597 2311 743 2392 είίση,ί
742 2317 798 2393 σή,
817 2307 923 2373 καὶεί
911 2307 1109 2397 ίέλάσσων,

85 2410 246 2479 έλάσσων.
294 2416 385 2478 ἔστιν
409 2409 540 2500 ἀρα,”
517 2440 563 2492 ως
585 2410 605 2498 ἡ
631 2418 697 2479 ΒΓ
715 2413 922 2542 περιφέρεια
931 2411 1018 2540 πρὸς
1045 2415 1109 2502 τὴν

84 2524 162 2605 ΕΖ,
188 2515 293 2596 οὑτως
322 2514 343 2604 ή
368 2513 432 2584 ὑπὸ
458 2523 566 2585 ΒΗΓ
583 2524 688 2605 γωνία
711 2516 794 2606 πρὸς
815 2515 877 2603 τήν
908 2517 975 2585 ὑπὸ
1001 2528 1108 2588 ΕΘΖ.

85 2621 159 2693 ἀλλ’
197 2624 242 2706 ως
274 2620 295 2710 ἡ
327 2619 393 2690 ὑπὸ
427 2630 534 2691 ΒΗΓ
560 2630 666 2709 γωνία
698 2623 782 2710 πρὸς
809 2622 870 2710 τήν
902 2622 970 2692 ὑπὸ
999 2633 1110 2714 ΕΘΖ,

85 2727 192 2810 οὕτως
219 2758 240 2816 η
271 2729 338 2797 τπὸ
368 2735 474 2796 ΒΑΓ
497 2727 581 2818 πρὸς
608 2731 671 2815 τήν
693 2729 760 2797 ὑπὸ
785 2716 898 2797 ΕΔΖ·
947 2734 1110 2801 διπλασία

32 2862 66 2912 25
84 2833 151 2918 γὰρ
167 2835 305 2921 ἑκατέρα
317 2833 478 2922 ἑκατέρας.
501 2835 557 2901 καὶ
568 2832 613 2915 ὡς
628 2833 723 2924 ἀραή
739 2841 807 2902 ΒΓ
820 2837 1015 2924 περιφέρεια
1026 2839 1110 2927 πρὸς

84 2937 147 3022 τήν
177 2947 241 3006 ΕΖ
268 2941 499 3028 περιφέρειαν,
529 2941 634 3020 οὕτως
661 2938 684 3028 ή
710 2966 745 3007 τε
772 2938 838 3008 ὑπὸ
866 2947 975 3008 ΒΗΓ
1002 2955 1109 3028 γωνία

84 3043 169 3129 πρὸς
205 3042 266 3131 τήν
303 3042 368 3113 ὑπὸ
409 3054 503 3114 ΕΘΖ
540 3049 595 3114 καὶ
631 3045 652 3133 ή
689 3045 763 3115 ὑπὸ·
792 3053 898 3114 ΒΑΓ
924 3047 1008 3134 πρὸς
1046 3051 1108 3136 τήν

85 3147 148 3217 ὑπὲ
177 3157 287 3218 ΕΔΖ.
411 3185 414 3191 ·

88 3278 301 3288 m-

160 3335 183 3380 1.
204 3330 263 3381 ἴσαι
282 3324 413 3396 ἀλλήλαις
432 3328 498 3394 PV;
523 3329 553 3382 in
571 3328 593 3381 P
613 3329 672 3382 ίσαι
695 3328 749 3384 del.
768 3349 805 3386 m.
832 3347 886 3385 rec.
926 3330 996 3386 εἰσίν
1022 3332 1104 3385 PBF.

124 3405 149 3453 ε.
169 3399 236 3469 BA]
256 3405 279 3454 A
301 3414 370 3453 eras.
389 3398 418 3454 F.
505 3405 529 3453 3.
551 3394 626 3453 ἐστιν
644 3400 674 3454 Ρ.
761 3407 785 3455 ε.
806 3396 911 3458 ἐστιν.
1004 3410 1029 3459 ε.
1049 3398 1103 3457 ὑπὸ

81 3471 288 3541 ΕΘΖ]ΕΘΖ
303 3470 387 3541 BFp.
444 3474 468 3523 8.
490 3467 565 3524 ἐστίν
580 3470 610 3523 P.
667 3470 865 3542 εί]ἱωεαε.Ρ.
925 3478 965 3526 10.
986 3468 1061 3528 ἐστίν
1074 3475 1103 3527 Ρ.
