2348 3818
92 166 160 230 430
507 167 696 220 APPENDIX.

93 311 161 375 τῶν
185 304 299 392 ἄκρων
323 297 433 393 ῖσοςῇ
457 309 503 397 τῷ
527 303 594 373 ἀπὸ
617 310 679 374 τοῦ
701 307 820 392 μέσον,
844 307 881 373 ολ
901 320 992 394 τρεῖς
1017 304 1117 396 αἰριθ-

93 412 151 498 μοὶ
174 409 347 497 ἀνάλογόν
370 414 466 479 εἰσιν.
504 416 653 479 ἔστωσαν
671 425 760 500 τρεῖς
778 410 919 499 ἀριθμοὶ
938 411 1117 501 ἀνάλογον

94 519 129 584 ολ
154 526 201 603 A,
220 525 264 603 Β,
284 522 326 601 Γ,
354 514 400 596 ὡς
427 515 445 586 6
474 526 507 584 A
532 516 616 608 πρὸς
642 517 703 586 τὸν
727 526 771 604 Β,
799 516 906 599 οὕτως
929 517 948 588 6
972 528 1003 588 Β
1028 521 1115 610 πρὸς

92 624 155 692 τὸν
177 629 214 692 Γ.
258 626 361 710 λέγω,
390 621 442 693 ὅτι
466 621 484 692 6
509 625 545 691 ἐκ
566 627 636 692 τῶν
659 633 708 710 Α,
727 632 760 694 Γ
783 633 855 704 ἴσος
877 625 949 693 ἐστὶ
970 629 1019 717 τῷ
1048 625 1115 696 ἀπὸ

57 733 154 797 5τοῦ
178 737 216 798 Β.
260 736 387 799 κείσθω
410 727 475 816 γὰρ
498 733 544 822 τῷ
568 737 598 796 Β
621 739 694 811 ἴσος
717 728 736 799 6
761 738 802 799 A.
849 736 940 799 ἔστιν
968 729 1038 817 ἄρα
1070 730 1117 814 ὡς

93 832 110 903 6
135 844 168 902 A
189 835 274 925 πρὸς
295 835 356 905 τὸν
379 843 419 921 Β,
443 835 550 915 οὕτως
573 835 592 904 6
616 843 651 902 A
672 835 757 924 πρὸς
778 836 839 904 τὸν
863 842 899 904 Γ.
945 834 963 904 6
989 835 1059 925 ἄρα
1080 841 1116 907 ἐκ

91 943 160 1008 τῶν
188 951 235 1027 A,
256 947 286 1008 Γ
310 950 382 1022 ἴσος
406 942 475 1010 ἐστὶ
496 944 543 1032 τῷ
567 944 603 1009 ἐκ
625 945 694 1010 τῶν
717 949 761 1027 Β,
781 949 823 1009 A.
869 940 887 1008 6
912 941 950 1010 δὲ
979 944 1017 1010 ἐκ
1044 947 1115 1012 τῶν

92 1053 137 1129 Β,
156 1053 190 1112 A
213 1054 285 1124 ἴσος
307 1047 376 1114 ἐστὶ
399 1049 445 1138 τῷ
468 1042 533 1115 ἀπὸ
557 1049 619 1114 τοῦ
641 1054 683 1113 Β·
713 1056 785 1128 ῖσος
811 1044 876 1135 γὰρ
905 1046 924 1114 6
948 1054 977 1115 Β
1001 1052 1050 1140 τῷ
1072 1057 1116 1116 Δ.

92 1151 111 1219 6
135 1150 200 1240 ἄρα
223 1154 350 1220 ἐκτῶν
373 1161 420 1238 A,
440 1157 472 1220 Γ
490 1160 562 1232 ῖσος
584 1157 630 1244 τῷ
654 1151 719 1222 ἀπὸ
741 1158 804 1222 τοῦ
827 1161 864 1222 Β.

39 1267 73 1317 10
155 1256 254 1325 Ἀλλὰ
281 1260 323 1344 δὴ
353 1257 371 1326 6
401 1246 531 1326 ἐν’τοόν
558 1267 605 1343 A,
624 1265 656 1331 Γ
680 1269 753 1340 λσος
780 1264 863 1327 ἔστω
885 1261 931 1350 τῷ
956 1254 1024 1327 ἀπὸ
1048 1271 1113 1328 τοῦ

91 1370 128 1431 Β.
174 1364 275 1448 λέγω,
303 1362 355 1430 ὅτι
383 1362 473 1430 ἐστὶν
501 1360 547 1443 ὡς
574 1365 592 1432 6
621 1374 654 1433 A
680 1363 763 1454 πρὸς
790 1365 853 1433 τὸν
879 1372 924 1451 Β,
953 1361 1066 1446 οὕτως
1094 1363 1112 1434 6

90 1475 119 1534 Β
147 1467 231 1554 πρὸς
256 1469 316 1536 τὸν
342 1474 379 1536 Γ.
425 1470 494 1537 ἐπεὶ
521 1468 587 1556 γὰρ
616 1467 634 1538 6
664 1472 700 1538 ἐκ
726 1474 795 1538 τῶν
818 1478 865 1555 A,
884 1475 916 1538 Γ
936 1479 1010 1550 ῖσος
1040 1472 1112 1540 ἐστὶ

90 1577 136 1665 τῷ
160 1571 225 1640 ἀπὸ
249 1578 311 1642 τοῦ
334 1582 379 1660 Β,
403 1571 422 1643 6
447 1574 484 1642 δὲ
508 1572 572 1643 ἀπὸ
601 1580 663 1644 τοῦ
690 1583 719 1643 Β
750 1584 823 1656 λσος
845 1579 892 1666 τῷ
920 1576 985 1645 ὑπὸ
1014 1582 1111 1662 [τῶν]

90 1687 134 1764 Β,
157 1688 206 1765 A,
234 1685 324 1748 ἔστιν
353 1679 419 1768 ἄρα
448 1681 493 1759 ὥς
521 1681 539 1750 6
568 1690 601 1749 A
627 1680 712 1771 πρὸς
738 1679 799 1751 τὸν
822 1689 867 1768 Β,
896 1682 1005 1762 οὕτως
1033 1684 1052 1752 6
1079 1691 1112 1750 A

38 1803 71 1853 15
90 1785 174 1873 πρὸς
201 1785 262 1853 τὸν
289 1792 326 1854 Γ.
372 1795 444 1866 ἴσος
472 1787 509 1855 δὲ
537 1785 554 1855 6
584 1796 612 1855 Β
639 1791 685 1880 τῷ
715 1797 756 1855 A.
802 1792 892 1856 ἔστιν
920 1785 987 1875 ἄρα
1017 1790 1064 1868 ὥς
1092 1787 1110 1858 6

90 1900 123 1959 A
149 1891 235 1979 πρὸς
261 1891 322 1959 τὸν
350 1900 394 1977 Β,
423 1890 529 1973 οὕτως
556 1889 574 1960 6
603 1901 631 1960 Β
660 1893 744 1979 πρὸς
770 1892 831 1961 τὸν
859 1900 899 1962 Γ·
928 1895 1010 1982 ὅπερ
1040 1899 1110 1962 ἔδει

91 2000 204 2079 δεῖξαι.

455 2124 564 2209 Uulgo
586 2124 664 2204 vn,
689 2126 741 2190 22.

153 2240 234 2311 Ἐὰν
264 2237 327 2312 οἷον
354 2259 442 2333 τρεῖς
464 2243 605 2332 ἀριθμοὶ
628 2246 684 2312 καὶ
712 2243 809 2314 ἄλλοι
833 2245 948 2326 αὐτοῖς
971 2254 1041 2314 ἴσοι
1069 2247 1109 2316 τὸ

36 2365 71 2416 20
90 2353 220 2435 πλῆθος
248 2349 377 2417 σύνδυο
405 2350 655 2438 λαμβανόμενοι
681 2353 737 2419 καὶ
761 2355 798 2420 ἐν
820 2357 866 2446 τῷ
891 2351 981 2443 αὐτῷ
1005 2352 1109 2444 λόγῳ,

88 2444 111 2539 ᾗ
135 2454 173 2522 δὲ
194 2458 419 2546 τεταραγμένη
444 2453 556 2525 αὐτῶν
579 2459 600 2546 ἡ
624 2455 799 2546 ἀναλογία,
821 2459 877 2526 καὶ
901 2453 947 2527 δι’
970 2466 1049 2526 ἴσον
1069 2463 1107 2527 ἐν

89 2563 134 2651 τῷ
158 2559 248 2654 αὐτῷ
272 2562 362 2656 λόγῳ
387 2569 528 2632 ἔσονται.

146 2664 321 2736 Ἔστωσαν
353 2682 440 2758 τρεῖς
472 2666 614 2756 ἀριθμοὶ
647 2674 682 2738 οἱ
712 2680 758 2756 A,
786 2678 831 2756 Β,
861 2676 893 2738 Γ
918 2671 974 2738 καὶ
1007 2667 1107 2739 ἄλλοι

89 2768 204 2852 αὐτοῖς
226 2781 294 2841 ἴσοι
317 2774 355 2842 τὸ
381 2783 511 2860 πλῆθος
534 2778 569 2842 06
590 2783 639 2860 A,
657 2783 701 2862 Β,
721 2785 747 2843 Ζ
779 2775 908 2843 σύνδυο
933 2775 1104 2863 λαμβανό-

34 2895 69 2945 25
88 2903 184 2963 μενοι
208 2881 313 2970 ἐντῷ
338 2875 428 2971 αὐτῷ
452 2880 552 2972 λόγῳ,
576 2885 659 2949 ἔστω
684 2881 721 2949 δὲ
739 2883 964 2969 τεταραγμένη
990 2878 1106 2951 αὐτῶν

87 2980 109 3068 ἡ
142 2984 321 3070 ἀναλογία,
354 2982 398 3065 ὡς
426 2986 487 3073 μὲν
516 2984 534 3054 6
563 2998 595 3054 A
622 2987 707 3074 πρὸς
733 2987 794 3055 τὸν
817 2996 862 3073 Β,
892 2984 999 3066 οὕτως
1027 2988 1045 3055 6
1075 2996 1108 3055 Ε

87 3089 171 3176 πρὸς
193 3089 253 3159 τὸν
278 3097 318 3176 Ζ,
340 3088 385 3171 ὡς
409 3092 446 3160 δὲ
469 3091 487 3160 6
512 3100 540 3159 Β
564 3092 648 3179 πρὸς
665 3093 727 3161 τὸν
747 3101 783 3179 Γ,
803 3092 911 3172 οὕτως
930 3091 947 3160 ὁ
968 3100 1001 3159 A
1019 3093 1104 3179 πρὸς

87 3193 149 3262 τὸν
175 3201 214 3265 Ε.
259 3196 361 3282 λέγω,
390 3197 441 3264 ὅτι
469 3199 525 3264 καὶ
554 3196 599 3264 δι’
630 3207 706 3266 ἴσον
734 3200 825 3266 ἐστὶν
852 3197 897 3278 ὡς
921 3198 939 3266 6
964 3208 996 3265 A
1019 3198 1104 3286 πρὸς

87 3298 147 3367 τὸν
172 3305 214 3386 Γ,
239 3298 344 3381 οὕτως
368 3298 385 3369 6
409 3309 442 3368 A
465 3298 548 3390 πρὸς
569 3302 631 3371 τὸν
655 3312 691 3370 Ζ.

147 3485 172 3537 2.
194 3478 228 3538 ot
242 3487 320 3555 τρεῖς
341 3479 404 3538 FV.
443 3474 583 3552 ἀνάλογοι
599 3499 628 3551 ρ.
707 3475 940 3548 mmm
1024 3475 1101 3550 6B]

67 3574 103 3592 Β
