2348 3818
336 165 612 217 ELEltOENTOBUM
629 165 739 216 LIBER
756 164 830 218 VIII.
1024 160 1091 226 295

55 309 113 373 „in
140 309 252 375 eadem
275 309 401 374 ratione
425 311 511 373 sunt
558 329 657 391 quare
680 307 779 371 etiam
802 312 848 390 A,
871 310 912 389 Γ,
936 311 983 387 Δ,
1006 310 1035 370 Β
1059 310 1093 370 ot

81 419 120 497 E,
140 421 186 500 M,
204 418 247 499 N,
267 420 294 479 Z
317 416 352 480 in
371 414 483 479 eadem
501 413 628 478 ratione
647 416 731 478 sunt.
762 433 876 476 uerum
894 417 934 495 A,
953 414 1046 495 Γ,Δ,
1062 415 1091 475 Β

79 521 229 603 deinceps
252 517 511 605 proportionales
530 521 614 581 sunt.
647 537 746 600 quare
764 516 864 580 etiam
878 520 917 598 E,
936 520 983 599 M,
1001 519 1045 600 N,
1064 520 1091 579 Z

79 626 230 709 deinceps
258 622 519 710 proportionales
548 626 633 687 sunt.
680 643 757 707 ergo
785 625 866 706 quot
887 620 972 685 inter
994 626 1038 704 A,
1062 625 1091 685 Β

79 730 255 796 secundum
290 729 534 814 proportionem
572 727 758 792 continuam
794 727 981 810 interpositi
1017 729 1092 791 sunt

78 837 220 919 numeri,
246 836 384 901 totidem
411 835 510 899 etiam
537 834 623 898 inter
645 838 688 918 E,
711 838 738 897 Z
762 832 938 898 secundum
960 854 1092 916 propor-

79 943 204 1007 tionem
228 941 417 1006 continuam
438 940 624 1024 interpositi
647 942 723 1004 sunt
745 939 884 1023 numeri3
913 938 997 1023 quod
1022 943 1093 1002 erat

78 1047 374 1113 demonstrandum.
601 1096 607 1105 .

558 1169 615 1234 IX.

148 1293 183 1359 Si
211 1295 275 1359 duo
304 1295 432 1359 numeri
460 1293 548 1358 inter
574 1316 608 1357 se
636 1293 734 1378 primi
761 1296 837 1358 sunt
865 1296 898 1357 et
924 1292 1010 1356 inter
1036 1312 1092 1357 eos

80 1401 256 1466 seeundum
283 1402 529 1486 proportionem
552 1402 740 1464 continuam
761 1399 1013 1483 interponuntur
1034 1420 1092 1462 nu-

80 1508 163 1571 meri
191 1507 328 1591 aliquot,
356 1510 436 1592 quot
463 1506 628 1570 intereos
652 1505 824 1570 secundum
848 1505 1095 1590 proportionem

81 1613 267 1678 continuam
292 1613 545 1698 interponuntur
566 1611 703 1689 numeri,
725 1610 862 1675 totidem
886 1611 985 1675 etiam
1008 1610 1093 1674 inter

81 1719 228 1802 singulos
262 1723 295 1784 et
326 1719 488 1783 unitatem
520 1716 693 1782 secundum
722 1717 966 1800 proportionem
993 1716 1094 1780 conti·

79 1846 181 1888 nuam
204 1826 460 1910 interponentur.

149 1928 222 1995 Sint
245 1932 309 1996 duo
331 1931 458 1996 numeri
480 1931 566 1994 inter
589 1951 623 1993 se
646 1928 745 2012 primi
759 1934 799 2007 A,
814 1933 851 2011 Β,
875 1932 908 1992 et
930 1927 1093 1992 intereos

80 2036 258 2101 seeundum
290 2036 537 2120 proportionem
564 2035 752 2100 continuam
781 2034 1030 2117 interponantur
1056 2036 1094 2117 Γ,

80 2149 125 2226 Δ,
148 2147 181 2207 et
202 2148 343 2226 ponatur
365 2143 473 2206 unitas
498 2145 531 2207 Β.
562 2141 645 2225 dico,
667 2145 746 2224 quot
768 2139 855 2206 inter
872 2145 911 2219 A,
930 2144 959 2204 Β
983 2161 1102 2204 sacun-

80 2249 160 2312 dum
191 2250 436 2333 proportionem
463 2247 649 2313 continuam
680 2248 929 2329 interponantur
959 2246 1094 2324 numeri,

78 2353 217 2418 totidem
241 2356 340 2420 etiam
358 2356 444 2419 inter
467 2354 614 2438 singulos
633 2358 673 2436 A,
692 2357 720 2417 Β
744 2355 778 2416 et
800 2353 961 2417 unitatem
985 2363 1096 2417 secun·

80 2460 159 2523 dum
182 2460 426 2544 proportionem
449 2460 636 2525 continuam
659 2459 888 2542 interpositum
912 2459 961 2525 iri.

151 2571 321 2632 sumantur
349 2568 434 2631 enirn
459 2566 523 2630 duo
546 2565 674 2630 numeri
697 2566 824 2630 minimi
846 2566 882 2629 in
904 2565 1030 2630 ratione
1053 2569 1095 2647 A,

80 2673 120 2757 Γ,
135 2676 178 2755 Δ,
192 2676 221 2736 Β
244 2694 451 2737 numerorum
467 2675 503 2755 Z,
517 2674 561 2752 H,
582 2674 648 2734 tres
673 2674 779 2734 autem
798 2674 836 2754 a,
850 2672 892 2754 Κ,
905 2673 937 2734 A
960 2671 993 2732 et
1011 2690 1094 2732 sem-

84 2796 143 2858 per
164 2777 316 2861 deinceps
340 2799 406 2842 uno
427 2777 551 2861 plures,
578 2775 679 2841 donec
701 2776 762 2841 fiat
784 2774 958 2840 multitudo
982 2795 1094 2839 eorum

83 2882 286 2949 multitudini
308 2905 516 2949 numerorum
535 2887 576 2966 A,
589 2885 627 2966 Γ,
641 2887 683 2964 A,
697 2885 726 2945 Β
750 2880 895 2966 aequalis
920 2883 1024 2965 [prop.
1038 2879 1095 2962 Π].

82 2994 255 3055 sumantur
284 2994 317 3055 et
348 2991 414 3054 sint
444 2993 496 3072 M,
525 2991 573 3072 N,
603 2987 643 3071 Ξ,
675 2991 711 3053 0.
757 2987 966 3053 manifestum
995 2988 1096 3072 igitur

82 3267 140 3304 ow
158 3246 278 3339 dpcdpol
297 3247 371 3324 ὅσοι]
390 3253 420 3338 in
438 3269 492 3306 ras.
511 3269 548 3307 m.
568 3258 583 3306 1
601 3251 634 3307 B.
699 3257 740 3306 12.
761 3247 934 3334 lugelmaro
947 3251 978 3306 Ρ.
1021 3317 1028 3334 ,
1051 3257 1094 3307 14.

84 3323 209 3394 μεταξυ]
230 3320 296 3393 igne
313 3325 418 3394 μεταξυ
433 3324 531 3378 Theon
544 3321 656 3392 (va).
710 3329 753 3376 24.
771 3321 844 3392 των]
864 3338 934 3376 corr.
950 3338 983 3376 ex
996 3341 1046 3375 τον
1060 3320 1094 3375 V.
