2348 3818
111 123 154 187 90
257 98 261 105 '
487 122 688 175 ΣΤοΙΧειιεΝ
707 121 748 177 τ’.

110 272 207 350 λογοι
237 266 275 331 αἴ
304 262 371 333 ὑπὸ
405 268 465 344 τὰς
491 273 565 346 ἴσας
596 271 721 352 γωνίας
748 262 1001 333 ὑποτείνουσαι·
1032 267 1111 330 ἔστιν

110 369 176 456 ἄρα
205 367 249 450 ώς
277 368 298 457 ἡ
326 379 392 440 ΑΒ
420 375 504 462 πρὸς
529 375 592 459 τὴν
619 378 692 458 ΒΓ,
723 372 856 457 [οὕτως]
887 367 909 457 ἡ
938 376 1010 438 ΗΕ
1040 393 1114 459 προς

109 478 171 561 τὴν
194 483 266 549 ΕΖ.
317 474 391 545 ἀλλ’
422 477 467 559 ώς
489 476 510 565 ἡ
534 485 600 546 ΑΒ
623 481 708 566 πρὸς
729 481 794 563 τήν
815 484 888 562 ΒΓ,
912 475 1021 555 οὕτως
1040 474 1114 545 ὑπό-

109 609 214 651 κειται
246 582 267 670 ἡ
300 590 370 651 ΛΕ
400 586 483 673 πρὸς
514 586 577 671 τὴν
609 591 684 651 ΕΖ·
717 580 763 664 ὡς
793 581 862 673 ἄρα
892 579 914 671 ἡ
943 590 1016 650 ΔΕ
1039 585 1116 672 πρὸς

77 692 174 776 στην
202 697 279 777 ΕΖ,
308 690 415 770 οὕτως
441 687 462 778 ἡ
495 696 567 757 ΗΕ
587 693 671 780 πρὸς
694 693 756 778 τὴν
780 697 852 760 ΕΖ.
893 682 1040 780 ἑκατέρα
1054 688 1114 778 ἄρα

110 800 178 864 τών
207 804 288 883 ΑΕ,
303 804 375 866 ΗΕ
401 794 486 884 πρὸς
512 795 575 884 την
603 803 668 864 ΕΖ
694 796 756 866 τὸν
779 795 884 867 αὑτὸν
912 802 979 885 ἔχει
1006 795 1117 884 λόγον·

110 911 165 989 ἴση
188 904 255 993 ίιρα
278 905 369 972 ἐστὶν
392 902 412 991 ἡ
438 910 508 971 ΔΕ
524 908 564 993 τῇ
583 911 661 972 ΗΕ.
707 901 764 971 διὰ
786 902 828 972 τὰ
852 901 939 972 αὐτὰ
961 902 1078 992 εἴηκαὶ
1098 899 1117 990 ἡ

110 1018 176 1078 ΔΖ
199 1014 239 1099 τῇ
265 1017 333 1077 ΗΖ
362 1013 452 1078 ἐστιν
476 1019 541 1097 ἴση.
588 1011 657 1079 ἐπεὶ
681 1001 745 1079 οὖν
768 1019 824 1097 ἴση
844 1011 936 1079 ἐστὶν
954 1007 976 1096 ἡ
996 1012 1117 1098 ΔΕτῇ

44 1118 50 1127 “
108 1123 192 1203 ΕΗ,
215 1115 313 1202 κοινὴ
338 1115 376 1184 δὲ
398 1113 418 1203 ἡ
444 1123 522 1204 ΕΖ,
546 1117 610 1184 δύο
634 1115 677 1205 δὴ
701 1119 739 1184 αἴ
761 1123 924 1203 ΑΒ,ΒΖ
947 1117 1028 1185 δυσὶ
1050 1129 1120 1195 ταῖς

55 1244 89 1293 10
107 1228 191 1307 HE,
207 1228 268 1288 ΕΖ
297 1230 365 1288 ἴσαι
394 1225 492 1290 εἰσίν·
520 1223 577 1290 καὶ
603 1223 703 1308 βάσις
729 1220 750 1311 ἡ
775 1229 842 1290 ΔΖ
865 1222 961 1309 βάσει
988 1227 1030 1312 τῇ
1054 1228 1122 1290 ΖΗ

109 1329 227 1411 [ἐστιν]
257 1336 325 1413 ἴση·
353 1333 461 1413 γωνία
489 1325 554 1416 ἄρα
581 1327 602 1415 ἡ
633 1326 699 1398 ὑπὸ
723 1336 825 1397 ΔΕΖ
852 1333 960 1419 γωνία
987 1334 1029 1420 τῇ
1052 1326 1116 1398 ὑπὸ

107 1439 209 1501 ΗΕΖ
238 1435 327 1501 ἐστιν
356 1441 425 1521 ἴση,
456 1435 512 1501 καὶ
539 1433 577 1502 τὸ
609 1442 710 1503 ΑΕΖ
742 1442 911 1525 τρίγωνον
941 1440 989 1530 τῷ
1018 1442 1118 1504 ΗΕΖ

106 1538 258 1632 τριγώνῳ
295 1549 386 1626 ἴσον,
422 1541 478 1608 καὶ
510 1543 547 1608 αἴ
581 1541 696 1609 λοιπαὶ
731 1540 853 1628 γωνίαι
885 1555 958 1621 ταῖς
988 1550 1120 1623 λοιπαῖς

106 1652 245 1733 γωνίαις
273 1656 357 1735 ἴσαι,
385 1644 445 1735 ὑφ’
477 1645 517 1728 ἃς
544 1651 582 1716 αἴ
609 1657 678 1716 ἴσαι
701 1649 843 1737 πλευραὶ
871 1646 1119 1718 ὑποτείνουσιν.

54 1773 87 1824 15
106 1761 161 1839 ἴση
181 1753 247 1842 ἄρα
266 1756 334 1825 ἐστὶ
353 1755 409 1823 καὶ
427 1752 448 1843 ἡ
468 1755 530 1842 μὲν
548 1753 614 1823 ὑπὸ
628 1761 733 1822 ΔΖΕ
744 1761 852 1841 γωνία
869 1758 910 1844 τῇ
923 1752 990 1823 ὑπὸ
1005 1763 1118 1842 ΗΖΕ,

104 1856 125 1945 ἡ
151 1860 189 1928 δὲ
210 1859 276 1929 ὑπὸ
301 1869 402 1929 ΕΔΖ
424 1867 464 1950 τῇ
488 1860 555 1930 ὑπὸ
579 1868 690 1929 ΕΗΖ.
736 1861 792 1929 καὶ
820 1863 889 1930 ἐπεὶ
917 1860 939 1948 ἡ
967 1862 1031 1949 μὲν
1053 1860 1119 1931 ὑπὸ

106 1973 207 2033 ΖΕΑ
228 1971 267 2053 τῇ
291 1965 357 2034 ὑπὸ
381 1973 483 2034 ΗΕΖ
508 1968 597 2034 ἐστιν
621 1976 692 2054 ἴση,
720 1965 794 2036 ἀλλ’
816 1966 836 2056 ἡ
859 1965 926 2036 ὑπὸ
950 1975 1058 2038 ΗΕΖ
1082 1971 1119 2059 τῇ

53 2056 59 2063 ’
105 2068 171 2138 ὑπὸ
194 2076 304 2157 ΑΒΓ,
327 2071 383 2138 καὶ
407 2068 428 2157 ἡ
452 2068 516 2140 ὑπὸ
541 2072 724 2163 ΑΒΓίιρα
746 2080 854 2160 γωνία
872 2078 912 2162 τῇ
930 2073 997 2144 ὑπὸ
1018 2082 1119 2144 ΔΕΖ

106 2179 196 2244 ἐστιν
220 2184 284 2262 ἴση.
326 2174 383 2242 διὰ
405 2174 446 2243 τὰ
471 2174 556 2245 αὐτὰ
580 2176 621 2265 δὴ
645 2178 701 2245 καὶ
728 2176 749 2264 ἡ
773 2176 840 2247 ὑπὸ
864 2184 963 2247 ΑΓΒ
986 2184 1028 2269 τῇ
1052 2178 1120 2250 ὑπὸ

52 2305 87 2354 20
105 2289 208 2349 ΑΖΕ
233 2284 323 2349 ἐστιν
352 2290 423 2369 ἴση,
451 2283 506 2350 καῖ
534 2288 582 2351 ἔτι
609 2282 630 2372 ἡ
658 2283 743 2374 πρὸς
769 2289 814 2378 τῷ
838 2293 871 2352 Α
898 2290 939 2376 τῇ
967 2286 1053 2378 πρὸς
1074 2292 1121 2384 τῷ

106 2396 151 2455 Α·
176 2388 357 2475 ἰσογώνιον
380 2388 446 2478 ίίρα
470 2391 537 2459 ἐστὶ
560 2389 598 2458 τὸ
623 2396 728 2459 ΑΒΓ
746 2396 914 2481 τρίγωνον
943 2397 989 2486 τῷ
1016 2403 1120 2465 ΑΕΖ

103 2495 265 2588 τριγώνῳ.

166 2601 246 2671 Ἐὰν
269 2601 335 2693 ἄρα
359 2603 422 2671 δύο
445 2609 593 2693 τρίγωνα
615 2603 674 2684 τὰς
691 2604 837 2694 πλευρὰς
855 2602 1030 2694 ἀνάλογον
1049 2614 1119 2700 ἔχη,

105 2710 265 2794 ἰσογώνια
289 2715 380 2777 ἔσται
402 2708 443 2776 τὰ
466 2716 612 2797 τρίγωνα
634 2711 690 2778 καὶ
715 2719 789 2791 ἴσας
811 2713 874 2793 ἕξει
897 2712 956 2794 τὰς
978 2723 1118 2805 γωνίας,

50 2834 86 2883 26
104 2811 165 2902 ὑφ’
191 2812 230 2895 τίς
249 2817 286 2881 αἴ
308 2813 465 2902 ὁμόλογοι
488 2819 628 2906 πλευραὶ
652 2815 903 2887 ὑποτείνουσιν·
936 2819 1019 2911 ὅπερ
1049 2828 1120 2893 ἔδει

103 2923 216 3002 δεῖξαι.
613 3011 621 3034 Ι

589 3032 631 3083 ς.

166 3129 254 3200 Ἐὰν
291 3133 364 3201 δύο
401 3141 576 3222 τρίγωνα
613 3140 708 3223 μίαν
742 3142 894 3223 γωνίαν
936 3143 1006 3229 μιᾷ
1044 3168 1120 3227 γω-

175 3316 199 3365 1.
219 3310 336 3382 γωνίας]
355 3328 391 3364 m.
412 3318 427 3364 2
446 3310 476 3368 F.
513 3312 633 3382 πλευραὶ
647 3309 848 3370 ὑποτείνουσαι
861 3315 958 3371 Theon
977 3316 1116 3390 (BVFp).

135 3389 160 3438 2.
180 3376 245 3453 τήν]
265 3398 318 3437 οω.
337 3381 418 3450 BFp.
510 3377 611 3455 οὕτως]
631 3401 684 3439 om.
704 3385 734 3439 P.
826 3393 850 3441 3.
870 3385 935 3457 τήν]
955 3405 1009 3445 om.
1030 3389 1115 3459 Blvp.

94 3449 256 3510 dis-4:
274 3453 345 3526 ΕΖ]
368 3471 425 3526 mg.
449 3454 575 3512 m.11?.
648 3451 932 3526 ΒιὴνηοωΒΕη.
1001 3466 1028 3513 4.
1047 3456 1114 3531 τήν]
