2348 3818
101 140 122 204 6
483 139 685 193 monum
703 133 731 192 ι’.

100 279 139 350 τὸ
168 288 245 368 ΒΘ,
272 279 394 350 λοιπὸν
421 279 488 368 άρα
515 279 553 349 τὸ
581 287 654 348 ΗΔ
681 284 803 349 λοιποῦ
825 284 887 349 τοῦ
915 288 982 350 ΘΑ
1003 281 1118 368 μεῖζόν

101 389 200 456 ἐστιν.
254 388 311 456 καί
338 389 408 458 ἐπεὶ
435 387 548 475 μεῖζόν
581 391 650 456 ἐστι
681 385 720 456 τὸ
752 393 827 454 ΗΔ
853 391 914 456 τοῦ
946 395 1025 475 ΘΑ,
1061 389 1119 456 καὶ
1162 443 1168 458 .

100 490 270 582 ἀφῄρηται
283 505 344 564 τοῦ
358 494 420 582 μέν
435 501 507 562 ΗΔ
524 492 628 582 ἥμισυ
641 492 679 562 τὸ
694 499 779 580 ΗΖ,
798 497 859 562 τοῦ
874 493 912 562 δὲ
926 502 991 562 ΘΑ
1005 501 1118 580 μειῖον

101 595 175 688 ἢτὸ
189 599 294 689 ἥμισυ
311 604 348 670 τὸ
368 608 451 688 ΘΚ,
473 604 592 670 λοιπὸν
610 598 675 688 ἀρα
688 599 727 669 τὸ
745 608 779 667 Δ
784 608 812 668 Ζ
830 604 952 668 λοιποῦ
970 605 1031 669 τοῦ
1050 608 1123 669 AK

66 704 213 792 σμείζόν
242 709 341 774 ἐστιν.
387 714 464 774 ίσον
493 705 530 775 δέ
556 705 595 775 τὸ
619 714 686 774 ΔΖ
708 709 754 800 τῷ
779 712 819 774 Γ·
856 707 911 774 καὶ
938 706 976 774 τὸ
1001 714 1032 775 Γ
1052 706 1118 796 ἀρα

100 815 161 880 τοῦ
190 822 222 880 Α
228 820 262 881 Κ
287 811 400 899 μεῖζόν
428 815 528 882 ἐστιν.
574 818 718 881 ἔλασσον
746 811 812 901 ἀρα
834 815 873 880 τὸ
902 823 934 880 Α
941 820 974 879 Κ
995 818 1057 881 τοῦ
1081 821 1116 883 Γ.

168 923 409 987 Καταλείπεται
431 917 497 1006 ἀρα
525 916 590 988 άπὸ
617 922 679 988 τοῦ
704 927 768 987 AB
792 919 956 1005 μεγέθους
982 924 1021 988 τὸ
1047 930 1079 988 A
1085 929 1119 990 K

100 1025 243 1112 μέγεθος
257 1029 400 1093 ἐλασσον
415 1021 458 1093 ὂν
470 1029 532 1095 τοῦ
546 1025 739 1111 ἐκκειμένου
756 1026 938 1106 ἐλάσσονος
952 1028 1118 1112 μεγέθους

100 1135 163 1200 τοῦ
189 1136 230 1198 Γ·
254 1128 335 1217 ὅπερ
363 1136 432 1200 ἐὸει
463 1135 577 1214 δείξαι.
601 1171 644 1184 -
673 1131 797 1219 ὁμοίως
824 1132 862 1200 δὲ
889 1135 1116 1221 δειχθήσεται,

50 1259 83 1312 10
101 1233 164 1305 κάν
187 1233 290 1325 ἡμίση
312 1229 334 1326 ᾗ
357 1236 398 1304 τά
422 1236 665 1326 ἀφαιρούμενα.

165 1568 248 1641 Ἐάν
264 1571 336 1640 δύο
351 1575 529 1659 μεγεθῶν
550 1575 827 1662 [ἐκκειμένων]
846 1575 1000 1646 ἀνίσων
1020 1573 1117 1645 ἀνθ-

100 1680 408 1768 υφαιρουμένου
428 1676 490 1747 ἀεὶ
513 1684 584 1749 τοῦ
603 1680 824 1762 ἐλάσσονος
847 1681 920 1762 ἀπὸ
946 1687 1016 1751 τοῦ
1035 1689 1116 1769 μεί-

102 1791 215 1868 ζονος
237 1789 279 1855 τὸ
303 1785 644 1872 καταλειπόμενον
672 1788 868 1873 μηδέποτε
894 1793 1116 1877 καταμετρῇ

49 1915 82 1966 15
101 1891 142 1962 τὸ
166 1896 240 1981 πρὸ
267 1894 427 1977 ἑαυτοῦ,
450 1890 677 1978 ἀσύμμετρα
702 1895 811 1959 ἐσται
833 1890 878 1958 τά
901 1893 1057 1979 μεγέθη.

168 1998 243 2066 Δύο
262 1996 328 2086 γάρ
347 2000 502 2084 μεγεθῶν
521 1995 631 2065 ὄντων
650 1995 779 2064 ἀνίσων
797 2007 866 2065 τῶν
885 2003 962 2083 ΑΒ,
981 2003 1043 2064 ΓΔ
1061 2000 1118 2065 καὶ

101 2103 284 2184 ἐλάσσονος
297 2108 359 2173 τοῦ
373 2114 405 2172 A
412 2112 440 2172 B
455 2101 781 2190 ἀνθυφαιρουμένου
795 2100 847 2170 ἀεὶ
861 2105 921 2170 τοῦ
936 2101 1119 2184 ἐλάσσονος

101 2208 167 2279 ἀπὸ
195 2213 257 2280 τοῦ
283 2215 435 2297 μείζονος
461 2209 499 2279 τὸ
528 2208 806 2297 περιλειπόμενον
834 2209 998 2295 μηδέποτε
1020 2236 1117 2276 κατα-

101 2321 257 2405 μετρείτω
280 2315 317 2385 τὸ
337 2315 401 2404 πρὸ
422 2317 557 2385 ἑαυτοῦ·
580 2317 677 2402 λέγω,
702 2313 753 2384 ὅτι
777 2313 969 2405 ἀσύμμετρά
989 2316 1117 2384 ἐστιτὰ

48 2446 83 2498 20
101 2431 177 2509 AB,
201 2429 263 2491 ΓΔ
285 2424 420 2510 μεγέθη.

168 2534 214 2597 Εί
234 2528 298 2617 γάρ
322 2531 391 2597 ἐστι
415 2528 601 2616 σύμμετρα,
629 2527 784 2616 μετρήσει
802 2554 834 2595 τι
858 2525 942 2596 αῦτά
965 2530 1116 2617 μέγεθος.

101 2640 269 2724 μετρείτω,
296 2639 327 2703 εί
349 2633 508 2719 δυνατόν,
530 2634 586 2702 καί
609 2638 691 2702 ἔστω
710 2636 748 2702 τὸ
766 2640 809 2701 Ε·
838 2632 950 2702 καὶτὸ
970 2635 1032 2721 μέν
1051 2640 1116 2701 AB

101 2739 138 2810 τὸ
164 2748 230 2808 ΖΔ
252 2743 481 2827 καταμετροῦν
508 2740 644 2808 λειπέτω
675 2739 797 2807 ἑαυτοῦ
819 2745 961 2808 ἔλασσον
983 2738 1021 2809 τὸ
1045 2746 1116 2824 ΓΖ,

173 2997 198 3046 2.
219 2985 307 3060 ἐστιν]
327 3005 416 3057 comp.
435 2985 495 3055 Ἑλ),
519 2984 577 3042 ἐστι
596 2987 653 3042 BV.
725 2982 797 3058 ἐστι]
820 3004 874 3044 om.
894 2986 928 3043 V.
1000 2992 1026 3040 4.
1044 3007 1062 3055 η
1083 2983 1115 3042 τὸ

101 3057 200 3188 ἣμισυ)
216 3061 265 3115 τοῦ
280 3055 395 3147 ἡμίσεος
409 3057 560 3144 Βλίλητοῦ
576 3052 697 3128 ἡμίσεως
710 3055 739 3113 1⁴¹.
797 3065 819 3144 21.
835 3055 1050 3144 καταλέλερπται
1060 3058 1116 3112 Bb.

137 3138 161 3188 8.
198 3149 348 3201 γκειμενου
368 3129 394 3185 b.
464 3125 611 3191 ἐλάττονος
629 3129 660 3184 F.
730 3134 773 3183 10.
812 3130 896 3198 μίσυη
915 3128 946 3197 Ρ,
964 3130 1067 3197 ημίσεα
1082 3128 1116 3184 V.

142 3202 205 3274 Seq.
232 3202 381 3257 demonstr.
406 3201 509 3268 altera,
537 3218 564 3254 u.
588 3216 652 3270 app.
727 3206 768 3254 12.
791 3148 978 3270 ἐκκειμένων]
1002 3217 1058 3268 mg.
1079 3218 1116 3254 m.

103 3273 165 3330 1Ρ.
235 3269 491 3358 άνθυφαιρομένον
510 3270 543 3340 V,
563 3287 632 3326 corr.
648 3289 684 3324 m.
695 3275 721 3325 2.
794 3276 836 3325 13.
856 3268 917 3324 αίεί
932 3271 961 3326 F.
1038 3266 1116 3325 ἐλάτ-

101 3346 221 3407 τονοςΕ.
260 3348 300 3398 1ο.
316 3342 362 3412 τά]
377 3362 409 3397 το
420 3343 451 3409 F,
467 3358 534 3396 cort.
545 3359 581 3396 m.
593 3348 617 3396 2.
657 3346 698 3395 16.
709 3339 757 3394 καλ
772 3337 854 3403 ὄντος
868 3341 966 3395 Theon
979 3340 1116 3409 (BFVb).

139 3422 179 3470 1⁷.
201 3410 346 3477 ἐλάττονος
365 3413 394 3469 F.
450 3408 707 3482 άνθυφαιρομένον
726 3411 760 3479 V,
779 3429 848 3469 corr.
867 3430 904 3466 m.
924 3418 949 3465 2.
1007 3409 1068 3465 αίεί
1083 3412 1113 3465 F.

139 3492 181 3543 19.
200 3483 275 3542 ἐστιν
293 3484 323 3540 Ρ.
382 3490 426 3540 21.
447 3481 517 3554 ἐστι]
537 3500 623 3553 supra
641 3498 693 3539 scr.
708 3502 751 3536 -αι
766 3483 800 3538 V.
859 3483 898 3553 τι]
917 3483 1012 3538 om.F.
1073 3488 1117 3536 23.
