2310 3824
92 159 157 221 172
472 156 672 210 ΣΤοιΧΕιαΝ
690 150 730 208 τ’.

90 298 153 385 τὴν
181 305 263 383 ΑΕ,
292 294 400 376 οὕτως
426 295 446 383 ἡ
476 303 547 363 ΑΕ
567 293 651 384 πρὸς
672 294 736 383 τὴν
759 304 832 364 ΕΒ.
881 302 1005 381 μείζων
1029 298 1113 386 θὲὴ

91 409 156 472 ΑΒ
178 407 237 490 της
260 410 339 471 ΑΒ·
362 408 483 488 μείζων
505 404 572 491 ἄρα
593 402 650 469 καὶ
672 401 693 489 ἡ
717 409 787 470 ΑΕ
806 404 865 489 της
888 410 961 472 ΕΒ.

152 509 200 576 Ἡ
222 509 288 598 ὀίρα
315 516 380 576 ΑΒ
413 505 532 576 εὐθεῖα
565 506 670 596 ἄκρον
701 508 758 576 καὶ
791 510 895 595 μέσον
928 507 1037 595 λόγον
1069 514 1116 580 τέ-

90 640 209 701 τμηται
235 614 318 682 κατὰ
345 613 384 682 τὸ
416 623 460 700 Ε,
488 615 544 682 καὶ
571 613 609 682 τὸ
638 619 750 700 μεῖζον
780 612 883 700 αὐτῆς
905 615 1021 702 τμῆμά
1046 620 1117 686 ἐστι

57 719 130 789 5τό
154 729 235 788 ΑΕ·
269 719 351 809 ὅπερ
375 724 445 788 ἔδει
467 724 615 806 ποιῆσαι.

568 912 633 980 λα’.

158 1036 219 1106 Ἐν
242 1050 325 1118 τοϊς
348 1037 619 1122 ὀρθογωνίοις
639 1035 855 1125 τριγώνοις
876 1036 920 1105 τὸ
946 1035 1021 1107 ιἰπό
1048 1045 1117 1128 τῆς

91 1142 163 1230 τὴν
183 1142 312 1232 ὀρθὴν
331 1139 794 1228 γωνίαν-ὀποτεινοόοης
812 1148 987 1231 πλευρᾶς
1006 1143 1115 1226 εἶδος

93 1259 184 1318 ἴσον
208 1249 290 1317 ἐστὶ
313 1261 399 1327 τοῖς
422 1245 497 1315 ἀπὸ
520 1251 597 1317 τών
620 1246 691 1334 τὴν
716 1245 847 1337 ὀρθὴν
870 1255 1025 1337 γωνίαν
1048 1276 1114 1318 πε-

40 1375 73 1425 10
92 1358 316 1445 ριεχουσών
338 1357 520 1441 πλευρῶν
541 1357 669 1445 ρῑθεσι
692 1367 775 1447 τοῖς
799 1354 959 1441 ὁμοίοις
979 1382 1019 1425 τε
1046 1358 1115 1425 καὶ

93 1458 623 1548 ὁμοίιοςλᾶναγραφομίνοις.

151 1565 259 1635 Ἔστω
283 1573 451 1656 τρίγωνον
475 1565 692 1655 ὀρθογώνιον
714 1565 753 1633 τὸ
777 1573 882 1634 ΑΒΓ
902 1563 1013 1653 ὀρθὴν
1034 1573 1115 1655 ἔχον

92 1672 154 1761 τὴν
186 1672 253 1742 υπὸ
285 1680 387 1742 ΒΑΓ
409 1669 551 1761 γωνίαν·
592 1674 694 1760 λέγω,
724 1672 776 1740 ὅτι
804 1697 842 1740 το
871 1670 936 1741 ιἰτιὸ
963 1675 1022 1758 τῆς
1052 1681 1120 1741 ΒΓ

93 1777 182 1861 είόος
211 1789 286 1849 ἴσον
315 1780 384 1849 ἐστὶ
411 1793 481 1860 τοῖς
512 1776 577 1846 ὀπὸ
611 1781 680 1845 τών
707 1785 786 1863 ΒΛ,
809 1783 880 1845 ΑΓ
906 1782 1010 1845 είόεσι
1043 1793 1116 1860 τοῖς

42 1902 79 1959 15,
96 1887 227 1973 ὁμοίοις
249 1911 285 1955 τε
307 1886 363 1953 καὶ
389 1886 512 1972 ὁμοίως
535 1881 837 1969 ἀναγραφομένοις,
909 1909 915 1921 ·

153 1993 269 2079 Ἤχθω
293 1991 437 2069 κάθετος
459 2017 480 2075 η
505 1996 583 2054 ΑΛ.

158 2094 247 2162 Ἐπεὶ
280 2087 343 2164 οόν
372 2096 409 2161 ἐν
441 2090 640 2182 ὀρθογωνίῳ
669 2091 821 2182 τριγώνῳ
852 2096 897 2183 τῷ
921 2098 1024 2160 ΑΒΓ
1046 2092 1114 2164 ἀπὸ

93 2205 151 2286 τῆς
182 2199 266 2287 πρὸς
296 2203 342 2289 τῷ
376 2207 408 2265 Α
441 2196 549 2285 ὀρθῆς
580 2203 704 2282 γωνίας
737 2197 789 2265 ἐπὶ
821 2195 883 2284 τὴν
914 2204 980 2293 ΒΓ
1008 2199 1115 2284 βάσιν

92 2306 235 2385 κάθετος
263 2297 359 2391 ἦκται
387 2331 408 2391 η
437 2309 522 2387 ΑΛ,
545 2301 586 2369 τὰ
609 2311 731 2389 ΑΒΔ,
750 2308 859 2371 ΑΔΓ
881 2303 964 2393 πρὸς
991 2309 1032 2393 τῇ
1057 2333 1113 2374 κα-

39 2430 74 2481 20
93 2413 181 2502 θέτῳ
214 2415 361 2499 τρίγωνα
394 2408 494 2496 ὅμοιοί
523 2410 591 2476 ἐστι
618 2412 664 2500 τῷ
693 2435 728 2476 τε
757 2407 823 2500 ὅλῳ
854 2413 900 2499 τῷ
927 2417 1031 2478 ΑΒΓ
1055 2412 1113 2480 καὶ

93 2515 259 2602 ἀλλήλοις.
309 2517 365 2584 καὶ
398 2515 468 2585 ἐπεὶ
496 2513 616 2601 ὅμοιόν
644 2517 713 2584 ἐστι
745 2512 782 2582 τὸ
812 2519 974 2606 ΑΒΓτῷ
993 2525 1112 2604 ΑΒΔ,

94 2627 184 2691 ἔστιν
216 2621 282 2713 ὀίρα
314 2622 360 2702 ὡς
391 2621 412 2717 ᾗ
445 2628 506 2690 ΓΒ
541 2620 624 2711 πρὸς
653 2620 715 2708 τὴν
741 2621 964 2705 ΒΑ,-οὕτως
994 2622 1015 2708 ἡ
1045 2630 1111 2691 ΑΒ

93 2728 176 2818 πρὸς
202 2728 264 2815 τὴν
286 2734 363 2797 ΒΔ.
411 2728 467 2796 καὶ
498 2728 568 2797 ἐπεὶ
595 2740 683 2816 τρεῖς
712 2724 843 2794 εὐθεῖαι
870 2714 1044 2814 ὀνώλογόν
1067 2735 1112 2797 εί-

94 2854 165 2920 σιν,
194 2839 284 2901 ἔστιν
312 2832 357 2914 ὡς
384 2831 404 2920 ἡ
434 2832 547 2922 πρώτη
576 2834 660 2921 πρὸς
686 2831 748 2918 τὴν
775 2837 905 2920 τρίτην,
934 2831 1044 2914 οὕτως
1070 2835 1108 2903 τὸ

40 2958 74 3007 25
94 2938 159 3009 ἀπὸ
189 2943 246 3025 τῆς
273 2939 405 3027 πρώτης
432 2937 520 3019 εἶδος
548 2939 631 3028 πρὸς
653 2936 690 3006 τὸ
715 2935 779 3006 ἀπὸ
803 2942 862 3024 τῆς
889 2941 1049 3024 δευτέρας
1071 2938 1104 3008 τί

95 3042 214 3132 ὅμοιον
242 3045 298 3112 καὶ
330 3043 453 3133 ὁμοίως
484 3042 777 3133 ἀναγραφόμενον.
824 3043 869 3123 ώς
901 3042 967 3133 ι’ίρα
996 3045 1018 3132 ἡ
1047 3051 1109 3113 ΓΒ

166 3204 265 3258 ΧΧΧΙ.
284 3206 400 3260 Proelus
418 3223 446 3274 p.
465 3210 532 3274 426,
554 3211 594 3258 14.

168 3352 193 3400 4.
213 3342 303 3417 αατό]
323 3365 360 3400 ιια
378 3365 405 3417 p.
470 3346 520 3400 καὶ
538 3341 587 3416 τό]
607 3346 659 3399 καί
673 3364 701 3415 p.
739 3339 813 3398 ἐστιν
832 3342 866 3411 P,
886 3361 977 3413 comp.
995 3363 1023 3414 p.
1083 3350 1107 3398 5.

9 3417 11 3424 ’
93 3416 143 3490 τό]
162 3413 180 3486 ἡ
199 3418 230 3471 Ρ.
274 3416 406 3486 Sequitur
424 3416 482 3471 alia
500 3417 714 3482 demonstratio,
733 3433 760 3470 u.
780 3432 843 3484 app.
927 3422 951 3470 6.
969 3411 1032 3486 λα’]
1051 3431 1107 3469 non

83 3487 226 3556 liquetin
244 3488 283 3558 st·
308 3504 362 3559 om.
381 3505 410 3560 p.
504 3493 545 3544 10.
570 3486 750 3541 είδεσινΡΒ.
840 3486 889 3556 τε]
912 3502 966 3540 om.
992 3484 1105 3553 BFVp.
