2348 3818
67 150 131 213 188
443 148 645 201 nomm
663 144 697 213 ς’.

133 290 195 358 ιθ’.
222 289 478 377 Τετράγωνος
506 288 680 376 ἀριθμός
707 290 797 357 ἐστιν
824 283 843 356 ὁ
872 286 982 367 ἰσάκις
1006 294 1066 365 ίσος

65 393 86 481 ἢ
112 397 157 482 [ὁ]
181 394 247 464 ὑπὸ
271 395 335 463 δύο
359 404 443 463 ἰσων
467 392 625 481 ἀριθμῶν
647 392 890 483 περιεχόμενος.

132 503 174 569 κ’.
199 501 333 587 Κύβος
370 502 407 570 δὲ
440 503 458 572 ὁ
493 502 602 581 ἰσάκις
633 509 705 581 ίσος
737 499 845 580 ἰσάκις
876 497 897 586 ἢ
933 499 981 584 [ὁ]
1011 499 1067 567 ὑτο

66 613 169 691 τριῶν
194 617 277 676 ἰσων
300 605 458 696 ἀριθμῶν
480 606 722 695 περιεχόμενος.

32 724 48 770 5
134 716 199 783 τιν’.
219 717 401 803 Ἀριθμοὶ
425 713 627 801 ἀνάλογόν
656 719 773 798 εἰσιν,
802 713 884 781 ὅταν
907 711 926 780 ὁ
951 716 1080 801 πρῶτος

67 825 129 888 τοῦ
161 823 320 910 δευτέρου
348 823 404 890 καὶ
437 821 455 889 ὁ
489 826 600 908 τρίτος
630 824 691 887 τοῦ
727 817 887 903 τετάρτου
920 818 1026 898 ἰσάκις
1053 806 1107 903 ᾖ

67 928 314 1008 πολλαπλάσιος
336 924 357 1015 ἢ
380 925 419 996 τό
444 925 526 994 αὐτὸ
552 927 651 1014 μέρος
673 921 695 1012 ἢ
717 922 758 991 τά
777 920 862 992 αὐτὰ
886 925 969 1012 μέρη
989 917 1120 993 ῶσιν·

135 1035 200 1119 κβ’.
216 1035 367 1121 Ὅμοιοι
410 1036 590 1101 ἐπίπεδοι
626 1033 682 1098 καὶ
724 1029 878 1119 στερεοὶ
914 1028 1082 1117 ἀριθμε»
1121 1021 1131 1086 ί

69 1144 154 1207 εἰσιν
179 1143 214 1206 οἰ
235 1138 406 1224 ἀνάλογον
430 1144 560 1226 ἔχοντες
583 1137 642 1217 τὰς
664 1135 818 1224 πλευράς.

17 1270 49 1318 10
112 1245 177 1331 κγ’.
205 1246 363 1324 Τέλειος
391 1242 564 1333 ἀριθμός
592 1245 681 1311 ἐστιν
705 1242 725 1310 ὁ
752 1255 824 1321 τοῖς
846 1242 970 1310 ἑαυτοῦ
992 1239 1143 1329 μέρε-

70 1372 124 1418 σιν
150 1359 222 1428 ίσος
244 1348 302 1417 ῶν.

555 1473 598 1540 α’.

137 1595 221 1662 Δύο
264 1594 449 1684 ἀριθμῶν
493 1595 643 1664 ἀνίσων
686 1597 939 1682 ἐκκειμένων,
986 1592 1147 1661 dv&-

70 1705 378 1792 νφοιιρονμένον
402 1704 444 1772 δὲ
474 1703 534 1772 ἀεὶ
562 1707 632 1772 τοῦ
664 1702 880 1782 ἐλάσσονος
912 1699 987 1768 ἀπὸ
1015 1691 1146 1766 ττι-ὖ

18 1835 51 1883 15
71 1814 267 1895 μείζονος,
292 1807 360 1877 ἐὰν
384 1801 415 1877 ὁΙ
432 1810 667 1896 λειπόμενος
695 1810 889 1894 μηδέποτε
916 1818 1142 1892 καταμά-

70 1919 140 2002 τρῇ
177 1915 246 1981 τὸν
283 1913 355 2000 πρὸ
390 1915 549 1997 ἑαυτοῦ,
584 1917 653 1994 ἕως
687 1906 733 1982 οὗ
766 1917 912 2000 λειφθῇ
946 1908 1042 1999 μονά
1071 1922 1139 1979 ἐν

72 2022 111 2086 οἰ
143 2021 180 2098 ἐξ
214 2016 335 2104 ἀρχῆς
368 2020 534 2104 ἀριθμοί
570 2024 718 2106 πρῶτοι
754 2017 851 2106 πρὸς
888 2017 1138 2103 ἀλλνξλοωί

72 2128 239 2189 ἔσονται

139 2226 214 2294 Λάο
238 2223 302 2313 γάρ
329 2225 482 2311 [ἀνίσων]
513 2225 670 2316 ἀριθμῶν
698 2234 766 2298 τῶν
799 2238 880 2316 ΑΒ,
904 2236 967 2296 ΓΛ
998 2221 1135 2296 dcv&-

18 2362 52 2410 20
72 2334 326 2419 νφοιιρονμένον
350 2331 402 2400 ἀεὶ
425 2337 486 2402 τοῦ
510 2335 691 2416 ἐλάσσονος
715 2333 866 2403 ἀπὸτοῦ
890 2341 1038 2422 μείζονος
1119 2341 1133 2382 ⁰

71 2435 267 2522 λειπόμενος
298 2442 462 2525 μηδέποτε
489 2448 728 2529 καταμετρείτω
762 2439 823 2509 τὸν
852 2441 916 2530 πρὸ
951 2424 1134 2510 έοιντοὶἰι

72 2542 133 2623 ἕως
157 2536 199 2612 οὗ
222 2549 346 2633 λειφθῇ
370 2546 488 2632 μονάς·
516 2549 616 2633 λέγω,
642 2545 693 2615 ὅτι
716 2550 751 2615 οἰ
772 2555 853 2631 ΑΒ,
873 2554 936 2615 ΓΔ
958 2550 1137 2636 ττρῶτόι

71 2649 155 2738 πρὸς
182 2649 346 2738 ἀλλήλους
379 2655 480 2738 εἰσίν,
513 2656 683 2722 τουτέστιν
721 2653 774 2721 ὅτι
806 2652 885 2732 τοὺς
917 2660 999 2738 ΑΒ,
1021 2633 1138 2719 F)

72 2756 178 2840 μονὰς
200 2756 287 2842 μόνη
311 2771 431 2846 μετρεῖ.

18 2834 53 2939 {5
139 2865 184 2927 Εἰ
209 2861 274 2948 γάρ
303 2862 348 2949 μή
377 2869 462 2931 εἰσιν
487 2868 522 2932 οἰ
547 2872 627 2950 ΑΒ,
648 2871 709 2932 ΓΔ
731 2869 857 2953 πρῶτοι
880 2862 965 2949 πρὸς
987 2835 1142 2935 md·

72 2973 167 3046 λονς,
200 2967 352 3055 μετρήσει
384 2997 434 3050 τις
464 2968 588 3050 αὐτοὺς
619 2967 773 3056 ἀριθμός.
823 2976 996 3058 μετρείτω,
1026 2939 1144 3033 κῶὶ

144 3166 187 3216 23.
207 3160 359 3216 Martianus
379 3162 494 3231 Capella
512 3162 577 3232 VII,
598 3169 656 3218 753.

145 3326 169 3375 2.
189 3316 221 3391 ὁ]
242 3321 374 3375 οω.ΡΒ.
465 3327 489 3375 3.
510 3317 542 3392 ὁ]
563 3339 616 3376 om.
635 3322 665 3377 P.
755 3327 780 3376 4.
801 3324 882 3409 ίρων]
902 3308 1146 3442 οωΡςωΞ·

72 3410 110 3449 m.
132 3399 145 3448 1
166 3390 200 3457 V,
220 3407 305 3518 εομεε.
322 3409 358 3444 m.
383 3397 399 3444 2
422 3391 458 3456 B;
483 3393 547 3448 hab.
571 3393 692 3460 Psellus,
711 3392 765 3460 Fp.
807 3397 939 3464 αριθμων
963 3395 1027 3447 ἰσων

290 3458 296 3475 9
362 3461 367 3472 ι

110 3470 133 3520 6.
154 3466 230 3520 Ante
261 3481 342 3525 σακις
359 3480 389 3515 1n
406 3460 428 3513 F
447 3463 509 3516 add.
534 3459 560 3527 ’ς
580 3463 654 3518 idem
673 3464 698 3518 V
718 3479 802 3531 supra
821 3481 872 3520 scr.
891 3484 928 3519 m.
944 3471 967 3520 1.
1038 3438 1144 3513 15·
