2348 3818
100 140 167 205 234
495 139 697 192 ΣΤοιΧαιαυ
717 135 750 204 ς’.

101 280 119 351 6
148 290 182 349 A
208 279 274 369 ἀρα
301 280 362 349 τὸυ
389 288 418 348 Β
446 293 559 368 μετρεῖ
583 278 666 348 κατὰ
688 282 748 360 τάς
771 281 808 348 ἐν
834 284 880 372 τῷ
905 287 937 348 Ε
958 279 1118 367 μονάδας.

100 389 157 456 καὶ
180 388 249 456 ἐπεὶ
274 384 292 454 6
317 392 349 454 Γ
367 385 429 454 τὸν
452 395 484 454 A
507 398 618 474 μετρεῖ
640 383 723 454 κατὰ
745 385 804 466 τάς
827 387 864 455 ἐν
886 389 990 480 τῷΕ
1015 385 1116 473 μονά-

101 499 176 581 δας,
204 492 259 560 καὶ
288 490 306 561 6
335 499 367 561 Ε
393 491 459 581 ἀρα
487 491 547 560 τὸν
575 503 607 560 Α
634 505 747 580 μετρεῖ
771 489 855 560 κατά
876 490 936 579 τάς
960 495 997 561 ἐν
1020 497 1067 587 τῷ
1089 499 1120 561 Γ

100 600 259 688 μονάδας.
310 597 367 668 διὰ
399 598 438 666 τά
474 596 560 666 αάτά
592 597 635 686 δή
669 596 687 666 6
722 607 754 668 E
778 598 834 666 καὶ
861 596 921 667 τὸν
949 606 978 666 Β
1006 612 1115 687 μετρεῖ

66 704 183 775 ὅπατά
206 703 265 785 τὰς
289 707 326 773 ἐν
348 710 394 798 τῷ
419 713 453 792 Δ
476 703 634 792 μονάδας.
672 701 690 771 6
714 711 746 772 E
767 703 834 793 ἀρα
856 703 935 784 τοὺς
953 715 997 792 A,
1016 714 1045 774 Β
1064 733 1118 793 με·

99 826 173 900 τρεῖ
201 811 355 900 πρώτους
385 810 485 891 ὄντας
507 810 590 900 πρὸς
613 809 791 896 ἀλλήλους·
816 811 896 900 ὅπερ
920 811 1012 881 ἐστὶν
1032 810 1116 880 ἀδά-

100 944 213 987 νατον.
260 919 322 987 οὐκ
350 916 417 1006 ἀρα
445 922 582 985 ἔσονταί
604 942 693 996 τινες
719 921 787 986 τάν
815 924 909 1002 Α,Β
938 916 1117 999 ἐλάσσονες

100 1020 242 1112 ἀριθμοὶ
270 1026 307 1093 ἐν
334 1027 379 1114 τῷ
408 1022 497 1114 αὐτῷ
525 1024 613 1114 λόγῳ
643 1022 737 1102 ὄντες
763 1036 834 1102 τοῖς
860 1032 908 1109 A,
929 1031 965 1092 Β.
1016 1027 1052 1093 ολ
1075 1035 1115 1111 Α,

101 1137 129 1197 Β
153 1128 220 1219 ἀρα
246 1127 416 1214 ἐλάχιστοί
440 1133 505 1195 εἰσι
532 1132 600 1197 τῶν
623 1127 684 1197 τὸν
707 1126 813 1197 αὐτὸν
840 1128 945 1215 λόγου
968 1130 1116 1216 ἐχόντων

49 1255 82 1305 10
101 1234 227 1315 αὐτοῖς·
252 1236 333 1323 ὅπερ
357 1239 424 1302 ἔδει
448 1234 562 1315 δεῖξαι.

573 1444 638 1531 νβ’.

168 1571 216 1637 Ολ
238 1568 441 1656 ἐλάχιστοι
464 1567 632 1657 ἀριθμοὶ
655 1573 736 1637 τῶν
758 1567 827 1637 τὸν
848 1569 970 1639 αὐτὸν
992 1572 1116 1660 λόγον

100 1677 272 1764 ἐχόντων
304 1673 443 1756 αὐτοῖς
473 1680 622 1764 πρῶτοι
650 1673 746 1762 πρὸς
774 1673 970 1763 ἀλλήλους
1002 1683 1115 1748 ελσίυ.

157 1781 334 1851 Ἔστωσαν
362 1782 529 1868 ἐλάχιστοι
561 1780 703 1867 ἀριθμοὶ
730 1785 799 1849 τῶν
829 1781 890 1850 τὸν
922 1782 1028 1852 αὐτὸν
1060 1784 1117 1853 λά·

47 1911 80 1961 15
98 1917 161 1976 μου
193 1887 340 1975 ἐχόντων
372 1885 485 1967 αὐτοῖς
518 1891 552 1955 οἱ
582 1897 628 1971 Α,
656 1894 698 1954 Β·
725 1889 826 1974 λέγω,
859 1886 910 1956 ὅτι
943 1892 980 1957 οἱ
1010 1898 1057 1977 Α,
1087 1898 1115 1958 Β

98 2000 225 2083 πρῶτοι
248 1991 331 2080 πρὸς
354 1990 520 2077 ἀλλήλους
543 1995 637 2059 εἰσίν.

166 2104 211 2166 Εἰ
238 2099 303 2184 γάρ
332 2096 377 2184 μή
402 2102 467 2164 εἰσι
490 2099 615 2181 πρῶτοι
637 2097 722 2185 πρὸς
745 2096 927 2185 ἀλλήλους,
958 2101 1116 2190 μετρήσει

98 2230 148 2283 τις
175 2202 298 2284 αὐτοὺς
326 2199 480 2289 ἀριθμός.
532 2209 703 2291 μετρείτω,
734 2205 789 2271 καὶ
817 2209 899 2272 ἔστα
929 2202 947 2273 6
976 2212 1011 2274 Γ
1057 2210 1115 2276 καὶ

101 2308 217 2389 ὁσάκις
248 2309 309 2395 μὲν
343 2306 361 2377 6
395 2313 427 2375 Γ
453 2305 514 2377 τὸν
546 2317 578 2376 A
610 2324 736 2398 μετρεῖ,
772 2314 931 2378 τοσαῦται
968 2313 1116 2399 μονάδες

46 2442 81 2492 20
101 2420 250 2484 ἔστωσαν
273 2417 310 2484 ἐν
333 2418 378 2506 τῷ
403 2423 451 2501 A,
480 2412 596 2495 ὁσάκις
619 2415 657 2484 δὲ
681 2414 699 2483 6
723 2422 755 2485 Γ
772 2415 833 2484 τὸν
857 2424 885 2484 Β
909 2432 1034 2505 μετρεῖ,
1061 2446 1115 2488 το-

100 2526 219 2591 σαῦται
244 2520 390 2608 μονάδες
414 2527 562 2591 ἔστωσαν
586 2524 623 2590 ἐν
645 2526 690 2615 τῷ
715 2530 753 2591 Ε.

164 2627 253 2697 Ἐπεὶ
290 2625 308 2696 6
348 2634 380 2696 Γ
411 2626 471 2697 τὸν
507 2637 539 2696 A
576 2621 689 2717 μετρεῖ
722 2627 804 2696 κατά
842 2628 901 2708 τάς
933 2633 970 2697 ἕν
1000 2635 1047 2722 τῷ
1082 2640 1116 2699 A

100 2733 267 2819 μονάδας,
299 2730 318 2801 6
352 2740 384 2802 Γ
410 2732 477 2822 ἀρα
508 2732 569 2802 τὸν
602 2743 635 2801 A
667 2733 960 2814 πολλαπλασιάσας
992 2734 1052 2805 τὸν
1083 2749 1115 2805 A

171 2909 256 2963 XXII.
276 2910 435 2965 Alexander
454 2911 577 2979 Aphrod.
597 2909 626 2964 in
645 2911 718 2965 anal.
737 2929 779 2980 pr.
799 2911 847 2964 fol.
867 2915 909 2965 87.

100 3039 166 3046 ——a-

171 3111 196 3158 2
215 3105 263 3159 καὶ
297 3099 417 3160 ἐπεί-
441 3101 584 3192 μρνάδας]
614 3121 667 3158 om
696 3105 718 3158 P
751 3105 863 3194 (abesse
890 3122 947 3161 non
975 3109 1113 3194 possunt).

100 3175 141 3246 Ε]
171 3192 309 3245 nuptam.
400 3182 425 3230 4.
444 3172 479 3230 τά
497 3171 587 3248 αάτά]
607 3176 698 3230 ταῦτα
720 3109 760 3228 Β(
850 3173 864 3232 6
890 3180 915 3230 E
938 3177 1005 3248 καί]
1030 3173 1113 3233 καὶὸ

100 3249 125 3300 Ε
128 3246 209 3332 ,.V‹p
278 3197 319 3301 φ9.
348 3245 419 3301 εἰσιν
443 3245 501 3301 ΡΒ.
585 3252 626 3301 11
645 3244 692 3300 κδ’
717 3245 795 3316 BVp
806 3247 913 3315 ,.Pm
938 3264 993 3302 rec.
1074 3255 1112 3304 12

100 3310 253 3385 αάτῶνΡ,
278 3334 346 3371 corr.
370 3335 406 3373 m
434 3322 457 3371 1
536 3323 577 3372 13.
601 3311 710 3389 αάτοις]
740 3334 793 3373 om
822 3317 987 3374 Alexander
1074 3325 1112 3375 16

100 3388 169 3443 Post
192 3360 347 3480 ἐχόντων
339 3407 369 3442 1n
386 3388 412 3442 V
431 3383 560 3456 ἀλλήλοις
579 3389 662 3443 delet.
719 3395 759 3444 16.
780 3387 879 3456 ελσίφ.
936 3395 975 3444 17.
997 3388 1113 3446 ε.ἰσινΒ

88 3460 219 3531 πρῶτον]
245 3457 279 3516 οἵ
296 3464 334 3531 A,
354 3465 377 3515 B
401 3459 507 3531 πρῶτοι
525 3460 582 3532 Bp.
617 3453 752 3529 ἀλλήλους
776 3457 807 3514 οἱ
821 3464 843 3512 Α
850 3459 979 3529 ‚NJ
1073 3468 1113 3518 18.
