2348 3818
90 130 153 194 186
466 133 668 186 aramma
686 128 721 199 ς’.

153 273 202 356 [ι’.
225 270 468 361 Περισσάκις
500 270 637 364 άρτιός
664 276 773 342 ἐστιν
802 271 820 343 ὁ
847 271 912 342 ὑπὸ
942 280 1108 360 περισσοῦ

87 375 241 464 ἀριθμοῦ
264 379 487 467 μετρούμενος
508 377 592 448 κατὰ
615 377 734 465 ἄρτιον
757 377 930 468 άριθμόν].

152 482 209 550 ια’.
234 484 480 569 Περισσάκις
512 486 549 554 δὲ
580 484 769 571 περισσὸς
804 483 985 574 άριθμός
1018 490 1110 556 ἐστιν

86 586 104 658 ὁ
129 586 194 658 ὑπὸ
218 594 379 679 περισσοῦ
402 589 554 680 άριθμοῦ
577 593 801 679 μετρούμενος
827 591 910 659 κατὰ
942 594 1110 679 περισσὸν

53 693 249 785 ὀάριθμόν.

153 803 209 888 ιβ’.
233 809 398 894 Πρῶτος
426 802 599 894 άριθμός
622 803 754 875 ἐστινὸ
783 804 910 892 μονάδι
936 804 1029 894 μόνῃ
1055 832 1112 893 με·

84 914 276 996 τρούμενος.

152 1018 208 1104 ιγ’.
231 1021 392 1107 Πρῶτοι
415 1016 512 1103 πρὸς
539 1015 737 1105 ἀλλήλους
764 1017 938 1107 ἀριθμοί
959 1021 1051 1087 εἰσιν
1076 1023 1111 1087 ολ

88 1124 212 1210 μονάδι
235 1122 322 1211 μόνῃ
346 1123 565 1212 μετρούμενοι
587 1130 690 1218 κοινῷ
713 1126 830 1216 μέτρςο.

34 1248 66 1296 10
152 1229 208 1297 ιδ’.
233 1228 440 1310 Σύνθετος
476 1228 651 1317 ἀριθμός
688 1232 778 1298 ἐστιν
812 1227 830 1299 ὁ
864 1229 1004 1322 άρνθμῷ
1041 1258 1109 1301 τινι

86 1334 317 1423 μετρούμενος.

152 1439 204 1508 ιε’.
228 1440 433 1510 Σύνθετοι
453 1441 490 1510 el
508 1441 605 1530 πρὸς
619 1443 817 1529 ἀλλήλους
831 1441 1007 1531 άριθμοί
1020 1448 1108 1513 εἰσιν

89 1550 124 1614 οἱ
144 1544 279 1639 άριθμῷ
303 1574 369 1616 τινι
393 1548 612 1636 μετρούμενοι
634 1553 737 1642 κοινῷ
762 1550 879 1641 με’τρςο.

152 1653 207 1724 ις’.
227 1651 415 1742 Ἀριθμὸς
438 1653 614 1742 άριθμόν
632 1655 999 1738 πολλαπλασιάζειν
1017 1657 1110 1743 λέγε-

34 1775 67 1823 15
86 1786 154 1846 ται,
183 1759 279 1847 ὅταν,
309 1759 386 1829 ὅσαι
416 1761 502 1830 εἰσὶν
530 1763 567 1829 ἐν
596 1757 686 1854 αὐτῷ
715 1761 873 1850 μονάδες,
904 1766 1110 1845 τοσαυτάκις

87 1871 234 1956 συντεθῇ
259 1865 276 1934 ὁ
301 1866 684 1953 πολλαπλασιαζόμενος,
707 1869 763 1936 καὶ
785 1869 924 1955 γένηταί
942 1899 1004 1955 τις.

152 1973 202 2053 ιζ’.
218 1974 319 2039 Ὀταν
341 1971 378 2038 δὲ
397 1970 459 2038 δύο
479 1968 621 2058 άριθμοὶ
640 1979 992 2060 πολλαπλασιάσαντες
1006 1977 1110 2067 άλλή-

87 2084 168 2155 λους
198 2081 323 2144 ποιῶσί
347 2102 437 2159 τινα,
471 2072 489 2143 ὁ
520 2075 700 2163 γενόμενος
733 2081 917 2162 ἐπίπεδος
944 2093 1110 2168 καλεῖται,

88 2181 255 2269 πλευραὶ
288 2180 325 2248 δὲ
358 2178 463 2248 αὐτοῦ
494 2183 528 2248 ολ
558 2185 907 2268 πολλαπλασιάσαντες
934 2189 1108 2277 ἀλλήλους

32 2304 66 2352 20
85 2284 233 2375 άριθμοί.
786 2272 793 2283 ’

151 2392 208 2478 ιη’.
223 2391 323 2460 Ὅταν
362 2391 399 2460 δὲ
436 2407 524 2482 τρεῖς
569 2393 711 2483 άριθμοὶ
752 2400 1109 2483 πολλαπλασιάσαντες

86 2495 250 2585 άλλήλους
280 2502 405 2566 ποιάσί
427 2524 519 2585 τινα,
549 2497 567 2568 ὁ
598 2501 783 2588 ’γενόμενος
811 2511 972 2588 στερεός
1001 2509 1106 2594 ἐστιν,

84 2607 252 2694 πλευραὶ
286 2605 324 2674 δὲ
356 2603 460 2674 αὐτοῦ
493 2610 528 2675 ολ
556 2615 906 2691 πολλαπλασιάσαντες
934 2608 1108 2700 άλλήλους

83 2712 235 2800 άριθμοί.

157 2931 199 2978 12.
219 2922 390 2978 lamblichus
409 2941 436 2991 p.
452 2930 495 2978 42.
523 2925 679 2981 Martianus
695 2927 812 2998 Capella
825 2911 893 2996 Vns
901 2911 960 2986 761.
990 2932 1106 3004 Philop.

85 2996 116 3049 in
137 2995 210 3049 anal.
239 2996 320 3075 μοελι.ι
335 2991 383 3047 fol.
409 2999 470 3048 15'.
517 3002 559 3050 13.
582 2996 741 3054 Alexander
764 3000 888 3081 Aphrod.
913 3000 944 3054 in
967 3002 1043 3059 anal.
1063 3022 1106 3073 pr.

85 3065 135 3122 fol.
159 3072 201 3120 87.
238 3065 392 3120 Μειλοοαοε
417 3063 532 3135 Capella
554 3065 619 3136 VII,
644 3075 702 3123 751.
743 3070 854 3139 Ph1lop.
878 3070 907 3124 in
931 3073 1006 3129 anal.
1030 3076 1106 3144 poet.

85 3135 134 3192 fol.
154 3141 217 3190 15v.
257 3141 298 3189 14.
317 3134 427 3203 Philop.
447 3137 477 3190 in
496 3137 569 3192 anal.
588 3142 660 3208 post.
680 3139 728 3194 fol.
750 3146 813 3196 15V.
852 3147 964 3196 16-17.
993 3144 1107 3201 Peellua

85 3226 111 3277 p.
133 3213 157 3263 6.
196 3211 309 3260 18-20.
328 3204 436 3260 Paellue
454 3226 481 3276 p.
502 3214 525 3261 7.

157 3394 181 3443 1.
200 3383 233 3440 δὲ
252 3378 348 3452 άρτιος
362 3383 392 3451 Ρ,
410 3383 465 3439 litt.
481 3379 545 3451 άρτ-
559 3385 589 3440 in
607 3402 661 3439 rae.
698 3380 794 3454 άρτιος
808 3381 931 3458 άρνθμός
949 3407 976 3458 p.
1015 3409 1103 3457 “0⁰⁶-

83 3454 292 3543 υπακουστέον·
322 3455 383 3508 καί
405 3450 476 3508 κατά
500 3452 597 3525 άρτιον
621 3475 676 3526 mg.
700 3475 737 3511 m.
764 3458 827 3513 1Ρ.
915 3465 939 3513 3.
959 3453 1100 3533 άριθμός]
