2348 3818
113 165 179 230 368
486 164 749 224 Στοιχειοοοῖ

117 309 237 396 μηδενὶ
260 313 327 376 τών
351 319 393 395 A,
414 318 453 395 Β,
472 314 505 376 Γ
523 315 606 377 ἔστω
630 306 648 377 5
673 307 784 390 αὐτός.
820 309 972 398 φανερὸν
997 311 1055 397 δή,
1079 310 1129 379 ὅτι

114 441 134 482 ο
159 422 190 481 Ε
210 418 340 501 πρώτος
364 415 426 484 οὔκ
450 419 548 484 ἐστιν.
590 421 620 483 εἰ
641 415 706 503 γὰρ
730 413 749 484 5
775 424 807 483 E
826 417 957 505 πρῶτός
980 417 1054 483 ἐστι
1075 417 1131 485 καὶ

114 534 228 607 μετρεῖ
247 519 308 589 τὸν
333 530 380 607 A,
407 522 463 588 καὶ
489 519 549 588 τὸν
573 531 605 588 A
632 521 786 610 μετρήσει
808 525 942 609 πρώτον
967 520 1055 590 ὄντα
1085 522 1128 609 μή

118 622 167 694 ών
187 622 276 717 αὐτῷ
297 623 315 694 5
339 625 452 707 αὐτός·
481 625 562 713 ὅπερ
585 626 676 695 ἐστὶν
699 623 878 695 ἀδύνατον.
920 626 984 695 οὐκ
1015 627 1084 716 ἄρα
1111 625 1129 695 5

83 738 151 798 ῖΕ
181 731 310 819 πρῶτός
333 734 432 800 ἐστιν.
479 732 644 812 σύνθετος
674 729 749 819 ἄρα.
799 743 863 811 πᾶς
896 731 934 799 55
962 732 1130 813 σύνθετος

116 836 262 923 ἀριθμὸς
289 835 355 905 ὑπὸ
384 835 519 926 πρώτου
544 835 638 916 τινὸς
665 835 816 924 ἀριθμοῦ
844 851 1025 926 μετρεῖται·
1054 836 1074 906 5
1102 845 1131 906 Ε

116 943 183 1032 ἄρα
206 941 272 1011 ὑπὸ
296 943 430 1032 πρώτου
451 942 544 1022 τινὸς
566 940 718 1032 ἀριθμοῦ
741 957 914 1032 μετρεῖται.
960 947 1050 1030 λέγω
1076 944 1125 1030 δή,

117 1047 169 1118 ὅτι
196 1047 253 1116 ὑπ’
289 1046 431 1128 οὐδενὸς
458 1048 564 1116 ἄλλον
596 1048 732 1136 πρώτου
763 1047 1010 1138 μετρηθήσεται
1043 1050 1127 1137 πλήν

116 1160 178 1223 τοῦ
206 1165 246 1223 A.
291 1161 322 1223 εἰ
348 1154 413 1243 γὰρ
440 1152 501 1240 ὑφ’
532 1156 647 1243 ἑτέρου
674 1169 840 1244 μετρεῖται
868 1153 883 1223 t‘
915 1163 959 1242 E,
991 1154 1009 1225 5
1040 1156 1128 1224 ‹52ss

67 1277 99 1326 10
117 1261 178 1330 τὸν
207 1270 240 1329 A
268 1274 393 1347 μετρεῖ,
425 1257 579 1340 κάκεῖνος
605 1259 671 1349 ἄρα
697 1259 757 1329 τὸν
787 1269 820 1328 A
847 1258 1017 1347 μετρήσει·
1048 1259 1125 1329 ώστε

116 1367 172 1434 καὶ
198 1366 259 1434 τὸν
286 1376 319 1434 A
350 1364 505 1454 μετρήσει
536 1370 670 1453 πρώτον
702 1365 785 1435 ὄντα
821 1366 866 1452 μή
900 1362 949 1434 ών
983 1365 1077 1459 αὐτῷ
1109 1363 1123 1433 5

118 1471 233 1551 αὐτός·
257 1470 338 1559 ὅπερ
358 1472 448 1541 ἐστὶν
468 1470 648 1541 ἀδύνατον.
686 1469 704 1540 5
728 1481 760 1539 A
783 1470 850 1560 ἄρα
872 1469 931 1538 τὸν
956 1479 990 1538 Ε
1010 1485 1124 1559 μετρεῖ,

118 1579 173 1645 καὶ
202 1578 271 1646 ἐπεὶ
299 1576 317 1646 5
347 1587 379 1646 E
403 1578 463 1647 τὸν
492 1587 534 1655 Δ,
557 1591 682 1667 μετρεῖ,
718 1584 874 1665 μετρείτω
909 1574 1015 1646 αὐτὸν
1051 1575 1124 1647 κατὰ

118 1683 178 1752 τὸν
208 1691 243 1752 Z.
288 1687 389 1771 λέγω,
418 1681 469 1751 ὅτι
504 1680 522 1751 5
552 1690 580 1750 Ζ
609 1682 724 1752 οὐδενὶ
756 1687 824 1750 τών
852 1692 898 1768 A,
918 1690 962 1769 Β,
984 1691 1015 1751 Γ
1044 1687 1124 1753 ἐστιν

67 1787 137 1857 1ῖὸ
177 1787 285 1870 αὐτός.
341 1795 371 1856 εἰ
402 1789 466 1877 γὰρ
500 1786 517 1856 5
555 1797 582 1856 Ζ
614 1790 665 1857 ἑνὶ
698 1793 766 1857 τών
799 1799 844 1874 A,
864 1794 960 1875 Β,Γ
990 1792 1084 1858 ἐστιν
1111 1786 1124 1857 5

119 1895 221 1974 αὐτὸς
253 1896 309 1962 καὶ
341 1908 454 1984 μετρεῖ
477 1894 536 1963 τὸν
565 1905 598 1962 A
625 1895 707 1963 κατὰ
736 1893 795 1963 τὸν
824 1904 867 1980 Ε,
900 1896 954 1962 καὶ
984 1889 1035 1975 εἷς
1069 1895 1125 1984 ἄρα

118 2006 187 2070 τών
215 2012 260 2086 A,
278 2009 323 2087 Β,
344 2007 376 2068 Γ
398 1999 458 2068 τὸν
486 2011 519 2067 A
546 2016 659 2088 μετρεῖ
683 2000 766 2068 κατὰ
795 1999 856 2068 τὸν
884 2008 922 2067 Ε.
970 1998 1060 2068 ἀλλὰ
1088 1994 1126 2080 εἷς

121 2112 189 2174 τών
213 2118 255 2192 A,
274 2115 314 2191 B,
333 2113 365 2175 Γ
383 2106 441 2175 τὸν
465 2117 498 2173 A
521 2122 633 2196 μετρεῖ
654 2106 736 2174 κατώ
760 2133 835 2175 τινα
863 2110 931 2174 τών
961 2116 1009 2191 A,
1032 2115 1077 2193 Β,
1095 2110 1127 2173 Γ

120 2213 176 2279 καὶ
205 2209 222 2279 5
252 2220 284 2279 E
309 2215 373 2301 ἄρα
401 2213 452 2279 ἑνὶ
478 2216 545 2280 τῶν
569 2222 615 2296 A,
635 2220 679 2298 Β,
698 2217 731 2278 Γ
750 2213 840 2278 ἐστιν
864 2208 881 2278 5
906 2208 1026 2290 αὐτός·
1056 2211 1129 2299 ὅπερ

72 2336 105 2385 20
126 2317 186 2404 οὐχ
209 2316 389 2386 ὑπόκειται.
431 2317 493 2386 οὐκ
519 2317 587 2405 ἄρα
610 2315 627 2386 5
653 2326 681 2384 Z
705 2318 756 2385 ἑνὶ
779 2322 847 2385 τών
870 2325 912 2402 A,
932 2325 972 2402 Β,
990 2324 1027 2383 Γ
1048 2321 1129 2386 ἐστιν

121 2421 139 2521 5
174 2421 282 2502 αὐτός.
328 2422 450 2511 ὁμοίως
489 2423 530 2509 δή
564 2427 731 2508 δείξομεν,
769 2420 819 2490 ὅτι
851 2437 1021 2510 μετρεῖται
1056 2422 1075 2492 5
1108 2430 1129 2490 Z

120 2525 186 2596 ὑπὸ
209 2533 269 2597 τοτ’
293 2541 336 2615 A,
361 2528 550 2607 δεικνύντες
573 2528 684 2614 πάλιν,
709 2526 759 2595 ὅτι
782 2526 801 2596 5
827 2536 853 2595 Ζ
873 2527 935 2595 οὔκ
955 2531 1028 2596 ἐστι
1048 2533 1129 2615 πρώ

122 2661 186 2716 τος.
232 2641 263 2702 εἰ
284 2636 359 2722 γάρ,
383 2635 438 2700 παὶ
462 2647 574 2720 μετρεῖ
594 2629 654 2701 τὸν
680 2644 728 2721 A,
755 2633 893 2702 καὶτὸν
917 2643 949 2700 A
976 2638 1131 2723 μετρήσει

123 2746 255 2828 πρῶτον
284 2738 365 2807 ὄντα
393 2739 437 2825 μὴ
461 2735 510 2806 ών
534 2739 623 2831 αὐτῷ
648 2738 666 2808 5
692 2738 805 2819 αὐτός·
830 2741 910 2828 ὅπερ
934 2740 1029 2808 ἐστὶν
1057 2740 1132 2810 ἆὸή

120 2901 333 2910 ,------

193 2990 217 3037 2.
243 2979 318 3055 ἔστι]
348 2979 423 3038 ἔστιν
449 2984 479 3037 P.
553 2989 577 3039 3.
597 2980 653 3056 μή]
683 2985 732 3038 καὶ
760 2981 797 3053 μή
824 3005 854 3052 φ.
937 2988 962 3039 5.
989 2983 1052 3042 ἐστι
1080 2989 1131 3076 Ἶρι

122 3046 201 3116 ἅπας
219 3054 249 3109 Β.
323 3061 347 3108 6.
368 3050 382 3109 ὁ
404 3058 428 3107 Ε
446 3049 596 3123 ἄρα-ἵε
617 3055 775 3124 μετρεῖται]
797 3071 851 3108 om.
870 3054 961 3124 Bth,
1041 3066 1068 3115 7,
1088 3056 1130 3129 δή]

123 3143 178 3180 om.
206 3124 269 3194 Vq).
361 3132 385 3180 8.
409 3123 497 3214 πλήν]
527 3143 542 3179 e
571 3142 639 3181 corr.
661 3127 693 3180 V.
786 3131 827 3179 10.
856 3128 968 3197 μετρεῖ]
995 3146 1053 3185 om.
1081 3129 1129 3198 Vq.

125 3203 166 3253 13.
191 3197 256 3267 καί]
284 3216 320 3250 m.
344 3202 360 3249 2
385 3197 417 3250 V.
455 3198 550 3250 αοιών
579 3216 614 3265 φ,
640 3198 689 3251 sed
712 3213 780 3250 corr.
856 3202 896 3249 15.
922 3196 949 3250 εἰ
970 3197 1128 3267 γάρ-Ιῖι

122 3264 225 3355 αὐτός]
245 3286 280 3322 m.
300 3284 354 3323 reo.
376 3267 405 3321 Β.
474 3274 515 3321 21.
536 3261 628 3322 ὅτι-
644 3274 691 3321 22:
711 3262 807 3337 πάλιν]
826 3284 882 3335 mg.
902 3286 937 3319 m.
964 3275 980 3321 2
1003 3270 1036 3324 B.
1099 3276 1127 3325 22

123 3334 180 3409 ὅτι]
206 3359 250 3392 οτι
269 3335 321 3392 οὖν
342 3337 399 3392 ἐστι
417 3337 509 3407 Bch.
569 3335 584 3391 5
605 3344 673 3392 Z-
690 3346 736 3392 23:
761 3334 810 3391 τὸν
835 3336 876 3405 A]
900 3356 938 3393 m.
963 3345 979 3392 2
1001 3340 1036 3396 V.
1098 3346 1126 3396 Β

122 3405 176 3462 οὖν
197 3406 267 3492 ἐστι]
289 3426 342 3463 om.
362 3407 452 3476 BVQ.
527 3416 569 3463 23.
591 3408 618 3463 εἰ
634 3406 709 3532 mx}
730 3407 759 3462 εἰ
781 3405 833 3478 γάρ
859 3407 915 3464 ἐστι
940 3412 1057 3480 πρῶτος
1080 3409 1125 3467 Βῖ,

114 3481 193 3537 idem
214 3502 237 3552 φ
257 3500 287 3538 111
305 3500 364 3554 mg.
443 3483 488 3535 24.
509 3475 599 3551 5⁶1th
614 3497 669 3535 οεο.
715 3500 747 3548 φ,
