2348 3818
53 152 138 216 '116
333 158 337 167 ·
460 151 662 204 ΣΤοΙΧΕῑαα
681 145 720 203 ς’.

66 344 70 351 ·
136 292 225 361 Ἐπεὶ
249 286 313 361 οὖν
344 301 420 360 ἴσον
444 292 514 360 ἐστὶ
535 290 573 360 τὸ
599 296 703 358 ΑΒΓ
721 294 888 378 τρίγωνον
910 296 956 378 τῷ
975 292 1094 353 ἈΔΕ

71 399 241 491 τριγώνῳ,
278 395 361 465 ἀλλο
395 398 435 465 δέ
464 424 496 466 τι
528 395 566 464 τὸ
597 402 718 481 ΒΑΔ,
752 399 841 462 ἔστιν
873 389 941 480 ἀρα
973 387 1020 470 ὡς
1053 389 1091 459 τὸ

73 512 166 574 ΓΑΒ
197 507 364 592 τρίγωνον
392 503 476 592 πρὸς
502 501 541 571 τὸ
573 509 640 570 ΒΑ
646 510 679 568 Δ
705 505 886 590 τρίγωνον,
916 497 1026 577 οὕτως
1054 495 1093 565 τὸ

73 618 182 679 ΕΑΔ
208 616 375 700 τρίγωνον
403 608 488 697 πρὸς
518 606 556 678 τὸ
587 615 692 676 ΒΑΔ
720 612 894 692 τρίγωνον.
941 600 1017 671 ἀλλ’
1049 601 1095 684 ὡς

40 716 137 804 ὁμὲν
159 715 198 785 τὸ
222 723 318 785 ΓΑΒ
341 714 425 804 πρὸς
447 714 486 783 τὸ
511 722 633 800 ΒΑΛ,
663 713 770 792 οὕτως
791 708 812 799 ἡ
836 716 897 778 ΓΑ
919 707 1004 798 πρὸς
1029 708 1095 796 τὴν

74 831 161 910 ΑΔ,
192 821 238 903 ὡς
266 823 304 892 δὲ
330 820 368 890 τὸ
392 829 499 889 ΒΑΔ
522 819 607 909 πρὸς
629 820 667 888 τὸ
692 826 812 904 ΒΑΔ,
841 815 949 896 οὕτως
974 813 996 902 ἡ
1026 825 1096 885 ΕΑ

74 952 158 1017 προς
184 927 246 1016 τὴν
278 935 352 997 ΑΒ.
403 927 459 994 καὶ
492 924 539 1006 ώς
562 923 629 1014 ἀρα
657 922 678 1012 ἡ
712 930 773 992 ΓΑ
802 921 886 1012 πρὸς
917 919 979 1008 τὴν
1011 931 1096 1008 ΑΔ,

75 1032 225 1120 οὕτωςὴ
255 1042 322 1105 ΕΑ
350 1031 433 1120 πρὸς
458 1029 522 1118 τὴν
544 1039 576 1098 Α
585 1038 621 1100 Β.
670 1034 737 1099 τῶν
760 1035 871 1116 ΑΒΓ,
893 1034 1003 1095 ΑΔΕ
1027 1025 1098 1116 ἀρα

75 1138 251 1229 τριγώνων
285 1136 574 1206 ἀντιπεπόνθασιν
606 1139 644 1203 αί
673 1136 814 1224 πλευραὶ
850 1136 888 1201 αί
922 1133 997 1222 περὶ
1035 1132 1097 1214 τὰς

25 1260 60 1308 10
81 1255 154 1328 ίσας
177 1251 310 1333 γωνίας.

142 1347 242 1418 Ἀλλὰ
264 1348 306 1437 δὴ
325 1348 666 1418 ἀντιπεπονθέτωσαν
685 1350 722 1414 αί
738 1347 878 1435 πλευραὶ
896 1349 966 1415 τών
985 1351 1051 1413 ΑΒ
1060 1351 1099 1431 Γ,

80 1463 189 1524 ΑΔΒ
208 1456 399 1545 τριγώνων,
426 1456 483 1522 καὶ
512 1460 595 1522 ἔστω
625 1451 712 1542 ώςὴ
738 1459 797 1521 ΓΑ
821 1451 903 1541 πρὸς
924 1448 988 1538 τὴν
1011 1461 1098 1539 ΑΔ,

81 1558 187 1642 οὕτως
218 1559 239 1650 ἡ
272 1570 338 1631 ΕΑ
370 1560 454 1651 πρὸς
483 1559 546 1648 τὴν
579 1568 658 1628 ΑΒ·
691 1560 792 1646 λέγω,
830 1558 882 1626 ὅτι
915 1565 992 1626 ίσον
1025 1559 1099 1626 ἐστὶ

79 1665 117 1735 τὸ
142 1675 245 1737 ΑΒΓ
263 1677 429 1757 τρίγωνον
453 1671 498 1760 τῷ
526 1673 633 1734 ΑΔΕ
652 1664 816 1756 τριγώνῳ.

27 1788 59 1836 15
142 1772 409 1863 Ἐπιζευχθείσης
430 1772 495 1863 γάρ
522 1773 624 1841 πάλιν
647 1775 707 1860 τῆς
733 1778 815 1857 ΒΛ,
845 1770 918 1837 ἐπεί
938 1770 1029 1837 ἐστιν
1055 1767 1101 1850 ὡς

79 1879 99 1967 ἡ
131 1887 191 1951 ΓΑ
218 1880 301 1971 πρὸς
326 1880 389 1968 τὴν
419 1889 504 1967 ΑΔ,
541 1879 648 1960 οὕτως
675 1876 695 1965 ἡ
725 1886 791 1946 ΕΑ
816 1876 900 1966 πρὸς
927 1875 992 1963 τὴν
1019 1884 1100 1964 ΑΒ,

80 1984 153 2053 ἀλλ’
187 1986 231 2066 ὡς
259 1988 321 2074 μὲν
348 1984 369 2071 ἡ
398 1991 457 2053 ΓΑ
485 1983 568 2073 πρὸς
597 1985 660 2071 τὴν
687 1993 774 2070 ΑΔ,
805 1981 912 2063 οὕτως
933 1981 972 2050 τὸ
997 1990 1106 2052 ΑΒΓ

79 2093 246 2178 τρίγωνον
269 2089 353 2176 πρὸς
375 2088 413 2156 τὸ
433 2096 538 2156 ΒΑΔ
557 2095 736 2176 τρίγωνον,
761 2087 805 2170 ὡς
828 2087 866 2156 δὲ
888 2085 909 2174 ἡ
929 2095 996 2156 ΕΑ
1014 2089 1103 2176 πρὸς

80 2194 142 2281 τὴν
170 2203 251 2281 ΑΒ,
281 2194 387 2276 οὕτως
413 2194 451 2262 τὸ
481 2202 587 2263 ΕΑΔ
613 2201 780 2284 τρίγωνον
808 2192 891 2284 πρὸς
922 2195 961 2262 τὸ
992 2203 1103 2264 ΒΑΔ

26 2317 61 2365 20
84 2306 267 2389 τρίγωνον,
293 2298 338 2381 ὡς
360 2301 427 2390 ἀρα
450 2300 488 2370 τὸ
512 2308 619 2371 ΑΒΓ
636 2309 804 2391 τρίγωνον
827 2299 910 2389 πρὸς
932 2298 970 2369 τὸ
994 2307 1103 2370 ΒΑΔ

81 2412 265 2495 τρίγωνον,
298 2408 404 2488 οὕτως
430 2406 468 2476 τὸ
492 2417 600 2478 ΒΑΔ
621 2415 788 2496 τρίγωνον
817 2407 901 2497 πρὸς
927 2405 965 2475 τὸ
994 2415 1103 2476 ΒΑΔ

81 2518 258 2601 τρίγωνον.
310 2514 466 2602 ἑκάτερον
497 2513 563 2602 ἀρα
591 2518 658 2583 τῶν
687 2519 795 2601 ΑΒΓ,
811 2521 917 2581 ΒΑΛ
946 2511 1029 2602 πρὸς
1062 2514 1101 2582 τὸ

81 2627 191 2687 ΒΑΔ
209 2619 270 2688 τὸν
290 2617 396 2688 αὐτὸν
420 2624 486 2707 ἔχει
509 2620 622 2708 λόγον.
662 2629 739 2688 ίσον
762 2619 829 2708 ἀρα
853 2619 922 2687 ἐστὶ
943 2617 982 2713 τὸ
1002 2626 1108 2688 ΑΒΓ

84 2730 278 2812 [τρίγωνον]
303 2730 348 2817 τῷ
372 2733 478 2792 ΒΑΔ
501 2725 663 2816 τριγώνῳ.

29 2842 62 2893 25
153 2835 229 2897 Τῶν
253 2829 319 2917 ἀρα
343 2838 427 2898 ίσων
449 2832 505 2898 καὶ
524 2837 605 2917 μίαν
624 2834 683 2918 μιᾷ
706 2840 783 2916 ίσην
802 2829 951 2918 ἐχόντων
969 2838 1104 2918 γωνίαν

80 2933 257 3025 τριγώνων
294 2933 582 3006 ἀντιπεπόνθασιν
621 2939 659 3004 αί
689 2938 830 3025 πλευραί
862 2940 900 3004 αί
931 2938 1007 3026 περὶ
1044 2937 1105 3020 τὰς

82 3050 156 3121 ίσας
184 3047 320 3127 γωνίας·
348 3043 404 3110 καί
432 3034 480 3111 ών
509 3049 590 3130 μίαν
613 3047 673 3130 ριιρῖ
698 3051 776 3129 ίσην
800 3042 947 3131 ἐχόντων
970 3051 1106 3130 γωνίαν

153 3262 178 3310 2.
199 3256 237 3326 τι]
257 3272 311 3310 om.
330 3255 447 3324 13va.
525 3257 623 3326 ΒΑΔ]
642 3254 673 3308 in
691 3273 745 3311 ras.
764 3273 801 3309 m.
821 3262 837 3309 2
857 3255 890 3310 V.
963 3262 988 3310 3.
1009 3257 1105 3328 ΓΑΒ]

81 3322 216 3381 ’”Γ”Α’Β
235 3327 268 3389 F;
289 3329 371 3380 ΒΑΓ
386 3325 446 3396 Bp,
461 3326 486 3380 V
500 3343 536 3379 m.
552 3332 577 3379 2.
642 3319 743 3396 οὕτως]
759 3320 832 3380 οὕτω
848 3326 879 3396 Ρ,
894 3320 983 3388 οὕτως
997 3321 1055 3396 ἀρα
1070 3328 1106 3383 F.

84 3404 109 3452 4.
133 3398 232 3470 ΕΑΔ]
251 3396 338 3466 BFp,
357 3396 433 3452 Vm.
447 3403 477 3463 23
497 3399 581 3450 ΑΔΕ
595 3396 620 3451 V
633 3415 669 3451 m.
686 3402 714 3462 1;
734 3399 818 3450 ΔΑΕ
832 3396 862 3452 Ρ.
932 3398 1031 3469 ΒΑΔ]
1047 3398 1105 3453 litt.

83 3472 132 3521 BA
150 3468 180 3523 in
198 3487 252 3524 ras.
272 3486 308 3524 m.
332 3473 348 3522 2
372 3466 404 3522 V.
478 3468 628 3539 τρίγωνον]
653 3484 743 3537 comp.
763 3467 796 3521 V.
871 3474 895 3524 ἵ.
919 3463 984 3539 τήν]
1004 3468 1105 3538 (prius)
