2348 3818
203 187 221 225 ⁶
346 116 622 169 ELEMENTORUM
639 117 748 167 LIBER
766 117 813 168 VI.
1051 114 1094 179 95

81 259 144 323 sub
173 259 288 344 quibus
318 260 467 344 aequalia
493 260 597 325 latera
621 259 819 325 subtendunt
843 259 881 343 [I‚
899 261 945 341 4].
985 261 1094 344 itaque

79 368 236 440 [ΔΖΗ
249 394 291 418 =
311 369 428 450 AZE,
451 370 594 441 [ΑΗΖ
609 396 651 420 =
667 370 777 432 AEZ.
815 388 927 432 uerum
946 374 967 442 L
989 370 1101 431 ΑΖΗ

80 502 125 524 =
140 475 247 538 ΑΓΒ.
284 494 384 557 quare
407 472 506 537 etiam
525 474 653 548 [ΑΓΒ
666 476 829 538 εΛΖΕ.
866 475 1095 559 supposuimus

79 582 205 662 autem,
228 599 298 644 esse
316 579 416 644 etiam
435 582 628 655 LBAP=
643 583 712 643 EA
719 583 754 644 Z.
792 579 901 663 itaque
921 580 1019 644 etiam
1039 580 1095 664 qui

77 685 275 771 relinquitur
298 686 437 770 angulus
466 685 507 749 ad
530 689 559 750 Β
587 686 728 771 positus,
751 684 875 770 reliquo
903 687 1024 771 angulo
1054 686 1095 751 ad

76 795 113 864 E
131 791 242 876 posito
266 791 412 876 aequalis
436 794 486 855 est
510 790 549 875 [1,
568 792 635 871 32].
676 790 787 875 itaque
810 791 967 875 trianguli
986 794 1094 876 ΑΒΓ,

78 900 181 962 ΔΕΖ
203 897 412 983 aequianguli
435 901 520 962 sunt

147 1003 241 1088 Ergo
265 1004 293 1068 si
315 1004 378 1069 duo
401 1003 560 1089 trianguli
582 1026 684 1069 unum
710 1005 867 1090 angulum
890 1005 948 1069 uni
974 1005 1093 1089 angulo

78 1111 249 1195 aequalem
284 1109 408 1175 habent
441 1112 474 1175 et
504 1109 608 1174 latera
641 1112 793 1195 aequales
832 1111 971 1195 angulos
1009 1131 1094 1175 oom-

77 1216 316 1301 prehendentia
337 1215 612 1301 proportionalia,
642 1216 850 1303 aequianguli
873 1220 968 1281 erunt
994 1217 1094 1281 trian-

79 1323 151 1409 guli
181 1326 215 1387 et
242 1344 298 1388 eos
326 1323 465 1409 angulos
495 1323 647 1407 aequales
677 1324 860 1407 habebunt,
888 1324 947 1389 sub
976 1323 1093 1408 quibus

78 1428 366 1513 eorrespondentia
388 1429 492 1493 latera
515 1428 726 1515 subtendunt3
755 1430 842 1515 quod
869 1434 939 1496 erat
962 1429 1093 1496 (lemon-

79 1535 260 1600 strandum.

351 1701 353 1705 ,
551 1638 626 1706 VII.

149 1743 185 1810 Si
209 1746 272 1811 duo
295 1745 451 1831 trianguli
469 1768 571 1811 unum
590 1746 745 1830 angulum
763 1747 820 1810 uni
839 1747 959 1831 angulo
979 1769 1094 1832 aequa·

77 1855 145 1918 lem
170 1853 295 1918 habent
316 1855 351 1917 et
373 1853 478 1917 latera
502 1852 585 1918 alios
610 1853 690 1918 duos
721 1853 860 1938 angulos
884 1853 1093 1937 eomprehen-

78 1959 192 2025 dentia
224 1957 481 2044 proportionalia
518 1963 550 2023 et
586 1958 730 2044 reliquos
769 1960 905 2044 angulos
949 1959 1093 2045 singulos

78 2066 180 2133 simul
207 2068 264 2130 aut
293 2065 435 2129 minores
465 2068 521 2129 aut
550 2087 618 2130 non
639 2066 781 2131 minores
805 2069 907 2145 recto,
937 2067 1095 2152 trianguli

78 2170 289 2257 aequianguli
317 2172 412 2235 erunt
434 2171 468 2233 et
490 2190 545 2235 eos
571 2171 709 2255 angulos
739 2173 889 2257 aequales
917 2171 1094 2258 habebunt,

78 2300 164 2365 quos
187 2280 291 2343 latera
313 2276 573 2361 proportionalia
595 2277 881 2363 comprehendunt.

498 2379 570 2446 Sint
593 2384 657 2447 duo
685 2385 841 2469 trianguli
863 2387 972 2471 ΑΒΓ,
994 2391 1094 2451 ΔΕΖ

429 2508 529 2552 unum
544 2490 698 2574 angulum
713 2490 770 2554 uni
790 2492 910 2576 angulo
926 2493 1094 2576 aequalem

245 2415 402 2849 'Q
429 2592 598 2678 habentes,
612 2601 633 2670 l,
647 2599 751 2662 ΒΑΓ
761 2608 804 2650 --‘
818 2601 887 2662 ΕΔ
893 2601 929 2680 Ζ,
945 2601 977 2662 et
991 2598 1095 2662 latera

390 2818 416 2877 Α

430 2699 511 2764 alios
535 2700 616 2765 duos
631 2702 770 2786 angulos
789 2702 1095 2787 comprehendentia

76 2836 107 2892 B
429 2807 692 2891 proportionalia,
701 2812 766 2872 AB
782 2832 789 2874 :
803 2811 870 2874 ΒΓ
876 2815 999 2875 =AE
1006 2815 1096 2895 1132,

431 2915 464 2976 et
499 2912 641 2996 reliquos
678 2915 825 2999 angulos,
862 2916 917 2998 qui
948 2916 989 2981 ad
1011 2921 1094 3001 Γ,Ζ

273 3021 315 3084 Γ
429 3018 530 3100 positi
541 3022 627 3103 sunt,
636 3020 725 3102 prius
738 3021 883 3106 singulos
894 3023 991 3086 simul
1005 3027 1093 3088 reato

76 3209 134 3247 om.
154 3209 184 3261 p.
258 3196 282 3248 7.
301 3193 356 3263 τῷ]
375 3189 407 3247 τό
426 3190 456 3247 P.
530 3195 585 3264 τῷ]
606 3211 621 3248 θ
640 3211 709 3250 corr.
729 3195 759 3251 P.
834 3201 857 3250 8.
879 3192 954 3269 ἐστί]
974 3193 1050 3252 ἐστίν
1064 3200 1094 3265 Ρ,

76 3279 172 3331 comp.
200 3280 228 3332 p.
320 3270 362 3318 19.
383 3260 521 3320 ἐλάττονα
548 3264 592 3319 bis
615 3266 647 3319 F.
688 3265 768 3319 Prius
798 3261 935 3323 ἐλάσσονα
962 3285 1030 3323 corr.
1062 3286 1095 3322 ex

76 3333 200 3388 ἔλασσον
223 3351 260 3388 m.
284 3339 301 3388 2
324 3334 357 3390 P.
435 3341 477 3390 23.
501 3336 552 3411 μιᾷ
575 3338 676 3409 γωνίᾳ]
700 3336 813 3406 punctis
835 3340 924 3393 notat.
948 3339 977 3392 F.
1051 3344 1093 3390 24.

75 3403 184 3476 ΕΔΖ]
209 3421 277 3460 eorr.
299 3420 333 3459 ex
351 3409 434 3462 ΔΕΖ
451 3423 488 3460 m.
507 3424 562 3463 reo.
582 3407 611 3462 P.
693 3409 789 3479 ΑΒΓ]
809 3412 892 3462 ΒΑΓ
908 3429 944 3477 φς
967 3412 1048 3460 ΑΒΔ
1065 3424 1100 3472 p.

115 3480 161 3531 25.
179 3471 233 3545 τὴν
251 3476 321 3548 ΒΓ]
340 3480 396 3531 ΒΓ
410 3477 492 3555 Bllp.
568 3484 611 3535 26.
630 3475 684 3552 τήν
704 3479 779 3554 Ezl
796 3481 852 3537 ΕΒ
866 3479 961 3549 nup.
