2348 3818
580 610 612 684 ι’.

535 778 653 868 Ὅροι.

153 907 193 975 α’.
217 905 432 993 Σύμμετρα
451 905 598 991 μεγέθη
617 906 744 991 λέγεται
764 902 804 971 τά
823 914 869 995 τῷ
889 901 980 996 αὐτῷ
994 907 1104 997 μέτρω

86 1013 313 1102 μετρούμενα,
352 1009 583 1098 ἀσύμμετρα
617 1012 673 1096 δέ,
711 1000 760 1078 οὐν
791 1009 898 1096 μηδὲν
936 1012 1104 1098 ἐνδέχεται

85 1120 202 1188 κοινὸν
226 1121 349 1206 μέτρον
370 1118 540 1204 γενέσθαι.

50 1247 66 1294 5
153 1224 194 1309 β’.
212 1223 359 1292 Εὐθεῖαι
373 1219 541 1308 δυνάμει
556 1223 775 1309 σύμμετροί
785 1224 882 1307 εἰσιν,
897 1218 981 1290 ὅταν
993 1225 1035 1291 τά
1045 1219 1100 1291 ὐπ’

89 1327 202 1398 αὐτῶν
225 1329 416 1416 τετράγωνα
445 1333 491 1420 τῷ
522 1326 613 1419 αὐτῷ
643 1333 752 1420 χωρίῳ
780 1331 954 1415 μετρῆται,
979 1325 1103 1416 άσύμ-

86 1461 222 1523 μετροι
250 1436 307 1519 δέ,·
336 1431 416 1501 ὅταν
446 1447 517 1514 τοῖς
539 1431 591 1503 ἀτί
617 1432 729 1503 αὐτῶν
751 1432 973 1522 τετραγώνοις
995 1433 1102 1520 μηδὲν

86 1544 259 1630 ἐνδέχηται
283 1545 407 1628 χωρίον
429 1539 547 1608 κοινὸν
571 1542 694 1627 μέτρον
714 1541 882 1627 γενέσθαι.

153 1649 192 1736 χ’.
219 1647 357 1717 Τούτων
379 1644 611 1734 ὑποκειμένων
634 1651 818 1731 δείκνυται,
848 1644 961 1735 ὅτιτῇ
985 1669 1101 1732 προτε-

44 1776 67 1824 .ο
86 1761 185 1845 θείση
205 1753 323 1843 εὐθείᾳ
345 1751 556 1841 ὑπάρχουσιν
578 1751 709 1821 εὐθεῖαι
727 1751 849 1839 πλήθει
868 1751 1001 1839 ἄπειροι
1019 1751 1101 1839 οὐμ-

85 1867 203 1947 μετροί
222 1886 257 1926 τε
279 1860 335 1925 καλ
359 1857 561 1944 ἀσύμμετροι
585 1862 623 1926 αί
642 1858 704 1945 μὲν
728 1857 823 1944 μήκει
853 1856 977 1944 μόνον,
1004 1861 1042 1925 αί
1064 1857 1102 1926 δὲ

84 1967 141 2033 καὶ
165 1963 315 2050 δυνάμει.
349 1968 517 2032 καλείσθω
542 1955 605 2032 οὐν
628 1961 649 2052 ἡ
673 1964 735 2052 μὲν
758 1973 960 2050 προτεθεῖσα
983 1960 1101 2032 εὐθεῖα

85 2069 196 2159 ῥητή,
219 2070 275 2136 καλ
299 2073 336 2137 αλ
351 2070 453 2159 ταύτη
478 2070 659 2158 σύμμετροι
682 2079 747 2139 εἴτε
770 2069 865 2157 μήκει
883 2070 940 2137 καὶ
959 2069 1101 2156 δυνάμει

86 2185 150 2245 εἴτε
174 2174 314 2262 δυνάμει
338 2176 445 2263 μόνον
470 2179 599 2265 ῥηταί,
635 2179 672 2244 αλ
700 2176 738 2244 δὲ
765 2175 867 2265 ταύτη
895 2174 1102 2263 άσύμμετροι

44 2304 66 2352 ,ὅ
87 2280 230 2368 άλοχοι
253 2289 496 2352 καλείσθωσαν.

153 2389 190 2457 δ’,
214 2389 283 2454 Καὶ
301 2387 339 2456 τὸ
360 2388 421 2476 μὲν
441 2387 505 2457 άπὸ
525 2393 584 2476 τῆς
602 2394 819 2476 προτεθείσης
837 2385 973 2470 εὐθείας
989 2388 1102 2476 τετρά-

84 2520 198 2580 χωνον
222 2492 358 2582 ῥητόν,
385 2495 504 2562 καὶτὰ
527 2497 635 2586 τούτςο
659 2494 829 2583 σύμμετρα
857 2493 969 2583 ῥητά,
995 2493 1037 2561 τὰ
1063 2494 1102 2562 δὲ

84 2599 190 2691 τούτῳ
216 2598 408 2689 άσύμμετρα
431 2599 555 2688 άλοχα
577 2607 757 2684 καλείσθω,
779 2601 836 2669 καὶ
858 2603 896 2668 αἱ
913 2601 1101 2686 δυνάμεναι

156 2758 200 2811 Ad
215 2757 277 2815 deff.
288 2757 337 2814 cfr.
348 2759 422 2814 Hero
437 2758 499 2816 deff.
512 2765 661 2827 128-129,
676 2760 839 2830 Anonymus
849 2758 991 2814 Hultsohii
1000 2776 1027 2828 p.
1038 2765 1101 2828 256,

83 2828 239 2884 Martianus
258 2829 373 2899 Capella
391 2829 437 2898 VI,
458 2834 518 2884 718.

153 2983 308 3042 Εὐκλείδου
324 2989 466 3057 στοιχείων
480 2991 498 3043 ι’
512 2989 575 3059 PV,
595 2983 752 3044 Εὐκλείδου
769 2990 913 3059 στοιχείων
926 2989 977 3058 τῆς
987 2985 1102 3054 θέωνος

85 3053 223 3120 ἐκδόσεως
241 3063 259 3113 ι“
279 3060 307 3125 λ’,
327 3053 486 3114 Εὐκλείδου
511 3062 655 3130 στοιχείων
674 3063 692 3114 ι“
709 3060 759 3130 τῆς
776 3059 887 3122 θέωνος
911 3055 1053 3123 ἐκδόσεως
1073 3061 1100 3115 b.

86 3135 112 3183 1.
131 3123 203 3199 ὅροι]
224 3147 277 3185 om.
297 3129 386 3197 PFV,
410 3125 471 3197 ὅροι
490 3131 540 3184 τού
560 3133 624 3201 ib,
649 3124 716 3199 ὅροσ
734 3131 785 3185 τοῦ
808 3137 824 3185 ῖ
844 3132 875 3185 Β.
894 3146 1025 3187 numeros
1044 3147 1101 3189 om.

85 3200 165 3254 codd.
238 3207 263 3254 ὅ.
290 3201 363 3255 Ante
383 3196 535 3272 σύμμετροι
553 3218 607 3256 raa.
628 3207 642 3255 1
663 3201 711 3256 litt
729 3200 757 3257 P.
832 3206 856 3256 8.
877 3197 1024 3270 ἐνδέχεται
1042 3202 1100 3272 bcp.

84 3276 109 3324 9.
128 3273 316 3341 προστεθείση
335 3273 354 3326 b
373 3274 402 3326 et
421 3288 436 3325 e
455 3289 523 3327 corr.
542 3273 572 3328 F.
637 3277 679 3326 10.
699 3273 767 3327 Post
781 3268 885 3348 εὐθείᾳ
904 3273 968 3329 add.
987 3271 1100 3328 Theon:

83 3341 226 3396 τουτέστιν
249 3337 300 3411 ἀφ’
325 3333 360 3429 ἧς
382 3339 464 3397 θέσει
487 3340 529 3397 τά
545 3341 632 3414 μέτρα
655 3339 687 3397 τό
711 3361 740 3398 τε
766 3351 908 3413 πηχυαῖον
926 3343 974 3399 καλ
993 3339 1025 3397 τδ
1046 3363 1101 3398 πα-

83 3413 240 3467 λαιστιαῖον
255 3411 304 3468 καλ
318 3432 349 3467 το
364 3414 546 3469 δακτυλιαῖον
561 3409 578 3483 ἢ
594 3410 625 3469 τδ
639 3414 770 3468 ποδιαῖον
780 3411 954 3486 λαμβάνεται
964 3413 1101 3485 (BFVb).
