2348 3818
103 172 166 236 113
488 171 688 223 ΣΤΟΙΧΕΙΩΝ
706 165 744 228 ς’.

103 312 279 402 τριγώνων
312 310 602 380 ἀντιπεπόνθασιν
635 314 672 378 αί
701 311 843 399 πλευραὶ
875 313 913 379 αί
947 311 1025 399 περὶ
1062 311 1124 393 τάς

103 427 178 499 ίσας
200 424 339 506 γωνίας,
364 420 475 499 ἐκεῖνα
499 425 555 484 ίσα
579 419 683 484 ἐστίν·
717 417 798 506 ὅπερ
823 421 890 487 ἔδει
915 420 1032 500 δεῖξαι.

583 633 639 685 ις.

168 734 256 804 Ἐἀν
287 737 477 824 τέσσαρες
510 732 667 803 εόθείαι
701 731 905 823 ἀνάλογον
933 728 1048 824 ώσιν,
1080 735 1122 805 τὸ

68 852 84 902 5
103 840 177 911 ὑπὸ
198 846 275 911 τών
294 841 427 930 ἄκρων
445 839 734 929 περιεχόμενον
754 838 1012 930 ὀρθογώνιον
1032 851 1123 912 ἴσον

103 948 185 1016 ἐστὶ
221 952 288 1045 τῷ.
309 945 385 1016 ὑπὸ
418 951 498 1015 τών
534 947 666 1034 μέσων
698 948 966 1040 περιεχομένῳ
1000 946 1122 1038 ὀρθοῖ

101 1060 246 1145 γωνίιμ·
278 1048 351 1120 κάν
382 1050 425 1120 τὸ
458 1048 533 1120 ὑπό
563 1056 640 1120 τών
668 1050 800 1139 ἀκρων
832 1053 1121 1142 περιεχόμενον

103 1157 357 1248 ὀρθογώνιον
381 1165 473 1226 ἴσον
495 1151 517 1247 ᾖ
540 1162 592 1251 τῷ
619 1155 807 1232 ἀπὸτών
834 1160 964 1246 μέσων
991 1184 1123 1248 περιε-

102 1267 255 1357 χομένῳ
280 1261 531 1355 ὀρθογωνίῳ,
556 1267 598 1331 αί
618 1264 807 1353 τέσσαρες
840 1262 1002 1333 εὐθεῖαι
1030 1264 1123 1334 ἀνά-

50 1383 85 1432 10
103 1377 225 1456 λογον
249 1375 419 1437 ἔσονται.

161 1473 338 1544 Ἔστωσαν
360 1477 517 1564 τέσσαρες
540 1475 673 1545 εὐθεῖαι
695 1474 867 1563 ἀνάλογον
891 1479 928 1544 αλ
949 1485 1028 1564 ΑΒ,
1043 1485 1121 1568 ΓΛ,

103 1588 148 1667 Ε,
169 1589 212 1668 Ζ,
247 1579 291 1663 ώς
322 1578 343 1668 ἡ
373 1589 439 1649 ΑΒ
467 1581 552 1670 πρὸς
587 1581 650 1668 τὴν
677 1589 759 1668 ΓΛ,
793 1580 900 1662 οὕτως
926 1580 947 1668 ἡ
978 1591 1011 1651 Ε
1037 1585 1124 1674 πρὸς

101 1683 164 1774 τὴν
194 1695 234 1754 Ζ·
262 1687 363 1774 λέγω,
393 1686 445 1756 ὀτι
472 1687 511 1756 τὸ
541 1686 607 1756 ὑπὸ
635 1691 705 1757 τών
728 1695 854 1773 ΑΒ,Ζ
882 1689 1123 1777 περιεχόμενον

104 1789 322 1880 ὀρθογώνιον
353 1802 428 1863 ίσον
459 1795 528 1862 ἐστὶ
554 1798 601 1887 τῷ
630 1792 696 1862 ὑπὸ
725 1797 795 1863 τών
822 1799 900 1880 ΓΔ,
916 1802 948 1862 Ε
972 1819 1124 1886 περιεχο-

52 1912 85 1961 15
104 1901 193 1992 μίνςο
218 1902 427 1991 ὀρθογωνίῳ.

162 2004 348 2093 Ἤχθωσαν
364 2004 466 2092 -[γάρ]
490 2002 555 2072 ἀπὸ
580 2009 648 2073 τών
671 2014 714 2092 Α,
729 2012 761 2073 Γ
780 2011 927 2093 σημείων
950 2020 1023 2088 ταῖς
1042 2017 1123 2096 ΑΒ,

103 2117 171 2178 ΓΔ
203 2109 353 2190 εὐθείαις
384 2109 468 2199 πρὸς
501 2100 609 2198 ὀρθὰς
639 2113 676 2177 αί
704 2119 785 2199 ΑΗ,
799 2117 872 2199 ΓΘ,
904 2113 960 2180 καλ
992 2120 1122 2184 κείσθω

102 2218 143 2302 τῇ
167 2214 230 2301 μὲν
255 2223 282 2283 Ζ
306 2223 360 2302 ἴση
384 2213 404 2304 ἡ
429 2224 515 2301 ΑΗ,
543 2220 582 2306 τῇ
608 2216 645 2286 δὲ
668 2223 700 2286 Ε
721 2226 776 2305 ίση
800 2216 821 2305 ἡ
845 2224 925 2293 ΓΘ,
952 2220 1008 2287 παλ
1039 2240 1122 2308 συμ-

102 2320 340 2409 πεπληρώσθω
363 2320 404 2390 τά
427 2330 511 2410 ΒΗ,
528 2330 594 2391 ΛΘ
616 2326 954 2414 παραλληλόγραμμα.
981 2345 996 2378 ⁴

51 2430 103 2488 20'
171 2428 241 2497 Καὶ
265 2431 337 2498 ἐπεί
358 2432 448 2498 ἐστιν
472 2427 516 2510 ώς
538 2427 559 2518 ἡ
584 2429 757 2520 ΑΒπρός
778 2429 842 2518 τὴν
860 2436 943 2517 ΓΔ,
967 2432 1119 2519 οὕτωςη

104 2533 240 2623 Επρὸς
272 2533 400 2622 τὴνΖ,
430 2543 486 2622 ἴση
519 2535 1121 2628 ὀλὴμλνΕτῇΓΘ,ἡᾶὲΖτῇ

103 2647 190 2728 ΛΗ,
224 2646 315 2711 ἔστιν
347 2640 414 2731 ἀρα
442 2640 488 2724 ώς
515 2640 536 2729 ἡ
564 2651 630 2711 ΑΒ
658 2642 742 2732 πρὸς
768 2641 831 2729 τὴν
857 2649 935 2729 ΓΔ,
965 2641 1074 2724 οὕτως
1100 2641 1122 2730 ’ἡ

102 2751 166 2812 ΓΘ
191 2747 275 2835 πρὸς
305 2747 368 2834 τὴν
396 2756 475 2816 ΑΗ.
521 2752 590 2817 τών
612 2756 696 2835 ΒΗ,
717 2757 784 2817 ΔΘ
814 2747 881 2838 ἀρα
912 2755 1121 2838 παραλληλο-

103 2852 265 2939 γράμμων
302 2852 592 2922 ἀντιπεπόνθασιν
629 2858 667 2922 αλ
701 2854 841 2942 πλευραὶ
879 2857 916 2922 αλ
949 2857 1027 2945 περὶ
1064 2855 1123 2937 τὰς

51 2969 85 3018 25
105 2962 179 3036 ίσας
211 2962 345 3042 γωνίας.
386 2949 436 3027 ών
469 2958 507 3028 ἀλ
539 2964 728 3047 ἰσογωνίων
761 2959 1122 3050 παραλληλογράμμων

103 3059 391 3132 ἀντιπεπόνθασιν
415 3067 453 3132 αί
474 3066 614 3154 πλευραὶ
638 3068 675 3133 αί
696 3065 771 3150 περὶ
794 3063 853 3146 τάς
881 3074 957 3146 ίσας
983 3073 1121 3154 γωνίας,

174 3279 200 3328 2.
221 3270 308 3346 ἐστίν]
329 3273 399 3330 εἰσίν
418 3277 451 3330 V.
543 3285 567 3333 4.
589 3267 639 3332 ώσι
657 3276 740 3348 PBp.
835 3285 858 3333 7.
879 3275 949 3370 κάν]
972 3279 1024 3333 καὶ
1041 3278 1072 3335 εί
1087 3278 1120 3336 V.

140 3350 181 3400 11.
197 3342 231 3398 αι’
242 3344 375 3416 τέσσαρες
388 3348 419 3402 Ρ.
492 3344 647 3420 ἀνάλογον]
663 3365 718 3406 om.
733 3349 765 3403 V.
833 3355 875 3404 12.
893 3345 1073 3419 Ζανάλογον
1087 3351 1120 3406 V.

102 3412 167 3487 τήν]
186 3432 240 3471 om.
261 3417 317 3487 Bp.
405 3424 446 3473 13.
466 3420 534 3490 ΑΒ]
558 3419 627 3473 Bin
650 3437 704 3476 ras.
723 3419 849 3475 m.2V.
938 3420 977 3492 Z]
997 3437 1068 3476 em.
1089 3421 1119 3474 F.

95 3532 98 3537 .
135 3491 176 3540 n.
199 3482 278 3542 ἐστιν
294 3488 324 3558 P,
346 3504 436 3561 comp.
457 3508 486 3561 p.
578 3491 618 3562 E]
637 3493 737 3561 postea
761 3491 824 3545 add.
848 3510 885 3546 m.
907 3496 921 3546 1
941 3510 976 3561 p3
1000 3508 1070 3547 eras.
1088 3491 1118 3545 F.
