2348 3818
335 143 611 194 unnnnunonuu
627 144 738 195 nmen
755 144 816 196 vn.
1014 140 1078 205 257

64 285 353 352 eausaeriietiem
368 290 601 354 E><A=A
624 286 734 371 itaque
749 290 1079 356 ΕΧΔ--ΘΧΜ

65 415 164 477 quare
183 393 246 457 erit
266 394 371 476 [prop.
384 391 476 473 XIX]
496 395 547 455 E:
562 396 591 455 Θ
605 422 647 462 ==
662 395 725 457 M:
741 398 782 459 Δ.
819 414 931 456 uerum
950 397 983 456 E
993 403 1028 468 >
1043 397 1080 457 Θ.

65 520 164 584 quare
194 499 292 564 eiiam
320 502 407 572 M>
423 503 457 562 A
480 499 585 581 [prop.
602 496 691 562 XIII.
725 497 765 581 V,
786 498 851 578 14].
897 501 930 562 et
956 501 998 569 M
1022 521 1081 562 nu·

64 626 172 669 meros
196 610 242 689 A,
261 609 304 688 Β,
321 607 354 668 Γ
373 605 519 688 metitum
549 603 635 687 quod
657 602 728 667 fieri
751 626 819 668 non
841 608 959 689 potest.
1004 627 1082 669 nam

65 711 272 795 suppositum
302 713 366 794 esi,
396 716 429 775 A
461 711 637 775 maximam
665 731 850 775 mensuram
878 732 1081 776 communem

65 839 138 888 esse
160 838 369 882 numerorum
398 823 444 900 A,
463 821 506 901 Β,
524 820 560 881 Γ.
605 817 716 901 itaque
738 839 805 882 non
834 820 929 881 erunt
955 818 1082 882 numeri

64 925 208 989 numeris
232 929 271 1006 E,
291 926 327 1006 Z,
345 926 385 985 H
403 924 558 1005 minores,
587 922 642 1006 qui
669 923 705 987 in
727 922 841 988 eadem
865 923 991 997 ratione
1015 924 1083 989 sint

66 1052 105 1094 ac
128 1038 173 1114 A,
192 1035 235 1115 B,
253 1034 289 1095 Γ.
336 1050 414 1115 ergo
438 1033 479 1111 E,
499 1033 541 1114 Ζ,
558 1032 598 1093 Η
621 1029 749 1094 minimi
779 1033 855 1095 suni
877 1051 1002 1112 eorum,
1026 1029 1084 1115 qui

68 1137 206 1202 eandem
232 1138 392 1202 rationem
418 1135 604 1201 habentne
628 1140 672 1219 A,
696 1139 738 1219 Β,
761 1139 802 1220 Γ,
826 1136 912 1221 quod
936 1138 1007 1200 erat
1029 1136 1084 1200 de-

66 1243 324 1308 monstrandum.

502 1381 653 1450 XXXIV.

136 1508 232 1574 Datis
256 1508 381 1573 duobus
404 1506 563 1590 numeris,
594 1528 688 1590 quem
711 1507 882 1572 minimum
905 1507 1085 1572 metiuntur

68 1637 253 1698 numerum,
277 1616 431 1680 inuenire.
500 1629 503 1633 “
753 1627 757 1630 ’

138 1720 210 1786 sint
233 1722 295 1787 duo
319 1720 446 1785 numeri
469 1719 538 1785 dari
559 1724 599 1802 A,
617 1723 655 1784 Β.
701 1721 829 1802 oporiet
851 1719 965 1803 igitur,
988 1740 1084 1804 quem

68 1828 240 1893 mimmurn
264 1829 444 1892 metiuntur
466 1839 650 1909 numerum,
672 1825 827 1889 inuenire.

136 1939 178 2018 A,
196 1938 225 1998 Β
249 1935 335 1999 enim
359 1937 415 1998 aut
437 1933 521 1996 inter
545 1953 579 1995 se
603 1931 699 2014 primi
723 1933 799 1994 suni
822 1935 962 1996 autnon
980 1930 1085 2015 primi.

70 2043 161 2126 prius
190 2046 236 2123 A,
255 2045 283 2104 Β
312 2041 398 2104 inter
426 2060 459 2102 se
487 2037 585 2121 primi
614 2037 691 2121 sint,
721 2039 753 2100 et
782 2037 826 2100 sii
846 2042 879 2100 A
891 2051 935 2104 ><
949 2041 978 2101 Β
993 2066 1036 2089 =
1050 2038 1086 2102 Γ.

70 2170 171 2233 quare
196 2148 294 2211 etiam
318 2151 346 2211 Β
365 2160 408 2214 ><
421 2150 453 2209 A
471 2174 513 2197 =
533 2146 565 2208 Γ
589 2146 694 2228 [prop.
712 2142 814 2223 XVH.
861 2143 970 2227 iiuque
994 2149 1039 2227 A,
1058 2147 1087 2206 Β

69 2276 242 2319 numerum
276 2254 307 2318 Γ
338 2253 524 2317 metiuniur.
579 2249 646 2313 iam
678 2249 763 2332 dien,
796 2270 849 2313 eos
882 2270 955 2314 eum
988 2249 1088 2314 etium

403 2376 545 2427 Αι--ι
580 2374 757 2424 Βι--ή

430 2708 520 2745 ι-ι
531 2695 556 2745 Ε
610 2692 722 2744 ι-ιΖ

77 2797 245 2863 minimum
269 2799 385 2863 metiri.
430 2822 507 2864 nam
531 2799 559 2863 si
583 2799 704 2880 minus,
725 2804 770 2882 A,
789 2803 817 2862 Β
839 2819 1008 2862 numerum
1032 2795 1090 2860 ali-

76 2926 172 2989 quem
199 2926 333 2969 numero
357 2908 389 2968 Γ
407 2905 569 2990 minorem
596 2902 779 2970 metientur.
825 2904 1000 2986 metiantur
1030 2926 1091 2968 nu-

74 3033 200 3075 merum
230 3016 272 3075 A.
323 3014 355 3074 ei
388 3010 515 3095 quoties
547 3015 578 3072 A
605 3031 774 3074 numerum
803 3015 837 3074 A
864 3011 1009 3094 metitur,
1040 3013 1092 3074 toi

76 3117 219 3181 unitates
253 3116 319 3179 sint
351 3117 386 3180 in
418 3121 460 3199 E,
494 3117 620 3199 quoties
654 3120 762 3179 autem
795 3121 823 3180 Β
855 3139 1026 3181 numerum
1059 3120 1092 3179 A

82 3223 223 3306 metitur,
237 3225 288 3286 tot
302 3223 443 3287 unitates
459 3222 576 3285 sintin
591 3225 626 3285 Z.
663 3222 773 3306 itaque
788 3223 850 3286 erit
863 3230 896 3287 A
904 3238 948 3291 ><
959 3227 990 3287 E
998 3252 1040 3274 =
1051 3227 1093 3303 A,

933 3346 1092 3356 ...—

77 3393 263 3467 μετρήσουσιν
281 3395 340 3452 PB.
413 3401 455 3452 25.
476 3364 643 3468 inaurire]
669 3395 718 3451 καὶ
736 3392 834 3461 ὁσάκις
853 3397 923 3466 Vqr,
944 3391 1044 3452 ὁσάκις
1059 3391 1094 3444 δὲ

77 3471 129 3522 καί
144 3487 172 3537 p.
247 3467 551 3539 A]eeorr.m.2p.

128 3566 279 3618 Eucliden,
295 3567 345 3609 odd.
359 3568 465 3620 Heiberg
480 3571 506 3611 et
519 3569 616 3622 uenae.
644 3571 683 3612 Π.
932 3550 973 3598 Ψ
