2348 3818
736 60 763 149 l

325 199 606 251 ELEMENTORUM
623 202 732 252 LIBER
750 160 824 265 [111.
1018 200 1085 266 335

515 390 637 461 nnn.
779 358 799 449 l

136 513 169 579 Si
198 519 353 614 quattuor
379 520 508 584 numeri
536 521 686 606 deinceps
714 486 888 619 propoiti
907 524 974 588 ales
999 527 1085 609 sunt,

68 624 101 684 et
123 621 247 702 primus
271 624 372 689 eubus
397 629 470 711 est,
487 627 585 691 etiam
605 631 740 711 quartus
763 516 962 694 oubnsffiirit.

136 725 209 791 Sint
237 732 392 813 quattuor
418 733 546 797 numeri
574 733 723 817 deinceps
752 734 1013 820 proportionales
1042 744 1082 822 A,

66 837 104 914 B,
123 835 160 917 Γ,
179 838 221 917 Δ,
245 837 277 898 et
301 841 333 900 A
356 839 455 902 cubus
481 839 532 903 sit.
579 839 658 923 dice,
683 841 782 905 etiam
807 846 840 904 A
864 842 982 906 cubum
1003 865 1083 908 esse.

456 967 532 1008 narn
570 947 722 1029 qnoniam
755 948 839 1012 inter
871 947 982 1031 ΑΓΔ
1019 948 1081 1013 duo

390 1050 487 1114 medii
515 1054 774 1134 proportionales
799 1058 874 1119 sunt
896 1055 1024 1119 numeri
1042 1058 1080 1139 B,

391 1158 425 1240 Γ,
444 1162 476 1221 A
495 1161 527 1220 et
546 1163 579 1220 A
603 1160 723 1224 similes
743 1164 820 1225 sunt
840 1160 934 1226 solidi
954 1161 1081 1225 numeri

392 1263 500 1346 [prop.
529 1263 637 1345 XXH.
682 1287 794 1330 uerum
823 1273 855 1331 A
888 1268 988 1332 eubus
1022 1269 1081 1331 est.

272 1335 289 1371 '¹
391 1389 468 1453 ergo
488 1370 588 1434 eoam
603 1375 637 1433 A
655 1373 755 1437 cubus
770 1376 819 1437 ese
840 1371 917 1453 [vn
931 1373 992 1438 ref.
1008 1374 1079 1455 21],

67 1475 152 1560 quod
177 1479 248 1539 erat
271 1475 567 1542 demonstrandum.

509 1669 630 1736 XXIV.

133 1792 167 1858 si
195 1793 257 1859 duo
290 1795 418 1858 numeri
447 1795 533 1859 inter
561 1817 595 1858 se
622 1795 782 1859 rationem
814 1794 952 1877 habent,
981 1817 1078 1879 quarn

65 1901 242 1986 quadratus
270 1921 422 1965 numerus
452 1901 492 1964 ad
522 1900 715 1984 quadratum
738 1921 924 1984 numerum,
954 1903 986 1963 et
1012 1900 1078 1985 pri-

63 2029 137 2072 mus
162 2005 337 2089 quadratus
361 2011 423 2086 est,
448 2008 546 2071 etiam
571 2007 728 2072 secundus
753 2007 929 2092 quadratus
954 2007 1026 2072 erit.

130 2111 204 2177 Dno
229 2113 314 2178 enim
342 2114 468 2178 numeri
495 2119 527 2177 A
533 2118 588 2197 ,Β
618 2114 703 2178 inter
734 2135 768 2177 se
790 2113 951 2178 rationem
979 2112 1078 2178 hobe-

64 2223 134 2302 ant,
164 2241 261 2302 quam
290 2220 465 2304 quadratus
493 2240 646 2284 numerus
675 2222 707 2283 Γ
730 2220 771 2283 ad
795 2219 993 2302 quadratum
1020 2242 1076 2284 nu·

62 2348 188 2391 merum
217 2331 263 2409 A,
294 2330 327 2391 et
349 2332 382 2390 A
406 2327 581 2411 quadratus
610 2327 661 2391 sit.
708 2327 793 2410 dieo,
822 2327 921 2392 etiam
946 2331 974 2391 B
999 2350 1076 2411 qua-

62 2433 192 2497 dratum
217 2453 295 2497 esse.

129 2561 206 2603 narn
235 2539 388 2622 quoniam
416 2541 456 2623 Γ,
476 2544 509 2602 A
533 2539 683 2623 quadrati
711 2540 800 2622 sunt,
833 2540 875 2621 Γ,
895 2542 929 2600 A
953 2539 1075 2603 similes

438 2648 513 2709 sunt
530 2645 630 2730 plani.
664 2646 774 2729 itaque
788 2645 874 2708 inter
888 2645 930 2727 Γ,
945 2649 978 2706 A
992 2666 1075 2709 unus

60 2719 261 2768 Al——r

89 2836 93 2873 ι
363 2825 393 2873 ὶΒ

88 2930 238 2979 ι’·-κ-ιΓ

88 3037 292 3087 1—-1A

436 2752 561 2815 medius
584 2750 837 2835 proportionalis
857 2749 1076 2833 interponitur

435 2879 587 2922 numerus
609 2859 713 2941 [prop.
726 2854 860 2936 XVIII}
897 2858 947 2919 est
965 2860 1074 2921 autem

436 2965 485 3027 I':
500 2968 534 3026 A
548 2994 590 3015 =
605 2969 637 3027 A
652 2987 659 3028 :
674 2967 712 3027 B.
749 2982 848 3047 quare
872 2960 971 3026 etiam
989 2963 1075 3027 inter

425 3074 472 3153 A,
496 3073 525 3132 Β
555 3091 638 3134 unus
667 3069 792 3133 medius
819 3069 1073 3153 proportionalis

59 3176 278 3259 interponitur
307 3197 459 3240 numerus
492 3177 600 3259 [prop.
623 3173 732 3256 VHI].
778 3177 811 3238 et
837 3180 870 3238 A
898 3175 1073 3258 quadratus

59 3285 119 3347 est.
166 3303 242 3367 ergo
266 3283 364 3348 etiam
387 3287 416 3346 B
438 3282 614 3366 quadratus
638 3284 689 3347 est
712 3283 815 3365 [prop.
840 3280 963 3365 XX11];
988 3280 1073 3363 quod

59 3392 130 3454 erat
151 3389 449 3456 demonstrandum.
