2348 3818
99 142 165 208 302
477 143 679 196 momen
696 138 738 211 η’.

99 283 182 372 πρὸς
207 284 269 353 τὸν
291 291 333 353 K.
363 284 491 370 πάλιν,
519 284 588 352 ἐπεὶ
612 283 766 371 ἑκάτερος
787 286 856 353 τῶν
880 291 928 368 A,
948 291 976 350 Ζ
999 280 1062 352 τὸν
1085 289 1112 350 Θ

99 390 391 471 πολλαπλασιάσας
413 389 572 478 ἑκάτερον
595 394 663 458 τῶν
685 397 730 477 Κ,
749 397 781 458 A
802 396 996 474 πεποίηκεν,
1021 392 1112 456 ἔστιν

99 495 166 582 ἄρα
193 493 237 576 ὡς
265 495 284 564 6
308 506 342 563 A
364 494 448 583 πρὸς
471 494 530 565 τὸν
559 504 601 582 Ζ,
631 494 738 576 οὕτως
765 493 783 563 6
813 502 848 563 Κ
873 492 957 582 πρὸς
983 493 1047 563 τὸν
1073 501 1113 562 Λ.

99 598 173 669 ἀλλ’
204 599 249 681 ὡς
276 599 294 670 6
320 611 353 668 A
375 601 459 689 πρὸς
485 603 546 671 τὸν
569 610 612 687 Ζ,
640 600 747 682 οὕτως
774 599 792 671 6
816 610 849 669 A
875 599 960 687 πρὸς
981 599 1044 669 τὸν
1067 607 1113 669 K·

67 707 157 773 οιαὶ
185 704 230 788 ὡς
257 706 323 796 άρα
350 706 369 777 6
394 718 425 776 A
445 706 530 794 πρὸς
551 708 612 777 τὸν
634 714 683 794 Κ,
711 707 817 788 οὕτως
841 705 859 776 6
882 714 917 775 K
942 705 1027 795 πρὸς
1053 705 1114 774 τὸν

101 821 140 882 Λ.
186 818 234 880 ἔτι
257 814 327 883 ἐπεὶ
351 812 369 882 6
395 822 422 881 Ζ
445 813 603 898 ἑκάτερον
622 819 690 882 τάν
708 822 748 899 Θ,
766 821 806 881 Η
819 813 1115 892 πολλαπλασιάσας

100 920 257 1006 ἑκάτερον
286 923 354 988 τῶν
383 928 428 1003 A,
453 926 481 986 Β
512 925 707 1006 πεποίηκεν,
740 925 830 988 ἔστιν
862 918 927 1007 άρα
960 917 1006 999 ὡς
1038 917 1057 987 6
1085 926 1115 987 Θ

99 1023 184 1113 πρὸς
209 1024 271 1094 τὸν
301 1032 350 1112 Η,
379 1027 485 1106 οὕτως
512 1023 530 1094 6
555 1033 587 1094 A
614 1026 697 1112 πρὸς
723 1025 785 1095 τὸν
813 1033 850 1093 Β.
896 1023 943 1105 ὡς
970 1025 1008 1093 δὲ
1037 1025 1056 1095 6
1085 1033 1115 1093 Θ

100 1130 183 1220 πρὸς
208 1132 270 1201 τὸν
300 1138 349 1216 Η,
383 1129 490 1210 οὕτως
518 1128 536 1199 6
566 1140 600 1197 A
626 1131 710 1218 πρὸς
736 1131 797 1201 τὸν
825 1140 865 1199 Ζ·
893 1132 949 1199 καὶ
978 1129 1023 1210 ὡς
1046 1133 1115 1223 ἄρα

48 1235 119 1306 1οδ
144 1247 178 1306 A
200 1236 284 1325 πρὸς
306 1236 368 1305 τὸν
391 1244 433 1320 Ζ,
461 1235 567 1317 οὕτως
590 1236 608 1305 6
637 1246 669 1306 Λ
695 1236 778 1326 πρὸς
805 1235 865 1305 τὸν
892 1245 929 1305 Β.
975 1241 1114 1325 ἐδείχθη

100 1343 138 1412 δὲ
160 1344 216 1411 καὶ
240 1343 285 1422 ὡς
308 1340 326 1410 6
351 1352 384 1410 A
406 1343 489 1431 πρὸς
511 1342 572 1411 τὸν
597 1351 638 1428 Ζ,
661 1342 769 1424 οὕτως
792 1343 812 1413 6'
834 1370 869 1412 τε
893 1353 925 1412 A
946 1343 1032 1432 πρὸς
1050 1343 1113 1412 τὸν

99 1454 134 1515 K
157 1449 213 1515 καί
237 1449 255 1517 6
279 1456 314 1517 K
335 1447 419 1536 πρὸς
445 1448 506 1517 τὸν
536 1456 579 1517 A·
608 1450 664 1517 καὶ
688 1450 733 1531 ὡς
756 1449 822 1537 ἅμα
846 1450 864 1519 6
889 1459 921 1518 A
943 1449 1028 1538 πρὸς
1051 1449 1114 1519 τὸν

101 1561 143 1640 K,
167 1555 274 1635 οὕτως
296 1555 314 1624 6
339 1562 374 1623 K
394 1555 478 1642 πρὸς
501 1553 560 1623 τὸν
584 1564 614 1623 A
637 1556 693 1623 καὶ
718 1556 736 1624 6
761 1563 792 1622 A
813 1555 897 1642 πρὸς
919 1553 979 1623 τὸν
997 1562 1036 1626 Β.
1081 1559 1117 1624 οἱ

100 1669 143 1745 A,
163 1667 206 1746 K,
226 1667 268 1746 A,
287 1667 317 1727 Β
335 1659 400 1749 ἄρα
419 1659 501 1730 κατά
520 1659 558 1729 τὸ
578 1661 713 1749 συνεχὲς
731 1663 806 1748 ἑξῆς
824 1667 909 1730 εἰσιν
933 1659 1116 1747 ἀνάλογον.

49 1782 82 1830 15
102 1766 177 1834 ὅσοι
200 1765 265 1854 άρα
289 1767 447 1856 ἑκατέρου
469 1771 538 1835 τῶν
561 1777 604 1852 A,
622 1774 652 1834 Β
673 1769 729 1835 καὶ
752 1772 811 1854 τῆς
833 1775 866 1837 Γ
888 1767 1039 1855 μονάδος
1062 1794 1117 1855 με·

99 1871 180 1953 ταξδ
202 1871 285 1939 κατὰ
308 1872 346 1941 τὸ
371 1872 508 1960 συνεχὲς
531 1870 702 1959 άνάλογον
721 1877 940 1960 ἐμπίπτουσιν
959 1872 1116 1961 ἀριθμοί,

100 1983 256 2046 τοσοῦτοι
288 1977 344 2044 καὶ
368 1982 415 2057 είς
437 1977 517 2058 τοὺς
539 1988 586 2063 A,
607 1986 635 2046 Β
659 1977 780 2065 μεταξὺ
802 1978 885 2046 κατὰ
908 1977 947 2046 τὸ
977 1979 1116 2067 συνεχὲς

101 2085 335 2168 ἐμπεσοῦνται·
359 2083 442 2169 ὅπερ
466 2086 534 2150 ἔδει
558 2086 672 2166 δεῖξαι.

576 2287 633 2327 ια.

48 2384 84 2432 20
170 2363 255 2431 Δύο
284 2364 542 2451 τετραγώνων
570 2367 754 2453 ἀριθμῶν
782 2361 837 2446 εἷς
869 2368 985 2452 μέσος
1017 2367 1116 2436 άνά-

102 2468 223 2554 λογόν
251 2470 358 2537 ἐστιν
386 2467 574 2556 άριθμός,
604 2472 668 2539 καὶ
698 2472 716 2541 6
747 2475 994 2560 τετράγωνος
1016 2473 1116 2561 πρὸς

100 2571 170 2641 τὸν
197 2575 449 2661 τετράγωνον
482 2580 722 2646 διπλασίονα
754 2578 874 2664 λόγον
902 2583 981 2665 ἔχει
1014 2577 1115 2668 ἥπερ

100 2679 121 2766 ἡ
145 2681 294 2768 πλευρὰ
318 2680 415 2769 πρὸς
437 2680 508 2769 τὴν
530 2683 715 2769 πλευράν.

159 2786 334 2855 Ἔστωσαν
363 2787 564 2875 τετράγωνοι
592 2787 734 2876 ἀριθμοὶ
763 2793 798 2857 οί
822 2799 869 2876 A,
889 2798 933 2875 Β,
965 2790 1021 2857 καὶ
1051 2797 1117 2860 τοῦ

47 2917 81 2966 25
101 2891 162 2978 μὲν
190 2902 222 2959 A
248 2891 374 2979 πλευρὰ
402 2898 485 2960 Ama
515 2891 533 2961 6
556 2900 600 2979 Γ,
624 2898 686 2962 τοῦ
711 2893 749 2961 δὲ
771 2902 799 2961 Β
824 2891 842 2962 ὁ
867 2903 913 2961 Δ·
940 2899 1035 2982 λέγω,
1063 2898 1117 2966 ὅτι

100 3002 168 3065 τῶν
192 3006 239 3082 A,
258 3005 287 3063 Β
311 2991 358 3077 εἷς
380 3001 479 3084 μέσος
502 2997 674 3085 άνάλογόν
698 3003 788 3068 ἐστιν
816 2997 978 3087 ἀριθμός,
1007 3004 1067 3069 καί
1096 3032 1115 3072 ο

101 3111 133 3170 A
154 3101 238 3189 πρὸς
261 3102 321 3170 τὸν
344 3110 373 3170 Β
397 3109 597 3174 διπλασίονα
620 3105 723 3192 λόγον
747 3111 812 3194 ἔχει
835 3105 920 3195 ἥπερ
940 3105 957 3175 6
977 3114 1009 3174 Γ
1028 3109 1116 3197 πρὸς

99 3207 159 3277 τὸν
183 3217 224 3276 A.

173 3393 196 3442 1.
216 3387 265 3440 ιιι
284 3382 382 3454 Am,
402 3388 496 3444 deleto
514 3373 568 3444 ιᾱι
582 3390 613 3444 P.
696 3397 733 3458 A,
754 3391 845 3461 212,
866 3395 892 3444 A
909 3390 940 3443 B.
979 3397 1003 3445 ο.
1024 3393 1065 3464 z]
1085 3394 1115 3448 in

98 3473 153 3512 τοι,
180 3477 209 3526 φ,
286 3462 327 3511 10.
348 3454 467 3530 ἐδείχθη
491 3459 541 3533 δέ]
564 3478 621 3531 mg.
646 3479 676 3530 φ.
751 3460 859 3515 12.ιιαλ
883 3456 921 3523 ὡς
942 3457 1111 3529 Koa-13:
