2348 3818
352 146 627 198 unnimmonuu
644 148 753 198 nnius
771 149 831 199 vn.
1034 146 1098 212 231

538 321 635 407 XX.¹)
916 409 919 412 Ι

154 445 289 511 Numeri
313 448 438 512 minimi
462 469 587 531 corum,
616 449 671 532 qui
695 447 831 514 eandem
854 471 892 514 ac
915 449 978 533 ipsi
1000 451 1099 515 ratio·

84 572 159 616 nem
183 550 319 632 hebent,
346 576 499 618 numeros
524 552 658 617 eandem
681 555 841 620 rationem
864 555 1022 621 hebentes
1046 578 1099 621 ue-

86 658 228 742 qualitcr
246 658 442 743 metiuntur,
455 660 560 724 maior
579 636 734 725 maiorem
754 665 787 726 et
805 662 912 727 minor
932 663 1100 728 minorem.

316 762 389 828 Sint
413 767 499 830 enim
513 768 584 849 ΓΔ,
599 769 661 830 ΕΖ
681 767 806 831 minimi
829 768 956 833 numeri
980 790 1100 854 eorum,

248 871 303 955 qui
332 871 467 936 eandem
499 871 661 936 rationem
692 872 826 957 habent,
861 895 960 957 quam
992 878 1038 958 A,
1061 878 1099 939 Β.

177 1010 199 1060 B
249 960 333 1061 dico,
366 980 428 1041 ΓΛ
460 999 629 1042 numerum
661 983 694 1042 A
717 982 750 1043 et
772 982 835 1043 ΕΖ
867 1001 1037 1045 numerum
1070 984 1099 1045 Β

248 1084 426 1166 acqualiter
449 1084 565 1149 metiri.

158 1265 177 1273 -
315 1209 391 1252 nam
413 1191 476 1253 ΓΔ
497 1189 623 1253 numeri
645 1194 678 1253 A
700 1211 766 1254 non
788 1194 839 1254 est
861 1197 981 1274 partes.
1021 1214 1100 1258 nam

249 1293 277 1357 si
305 1294 375 1357 fieri
401 1297 518 1378 potest,
542 1294 593 1359 sit.
635 1316 734 1379 quare
755 1296 852 1360 otium
882 1301 944 1360 ΕΖ
973 1299 1100 1364 numeri

248 1403 277 1464 B
306 1399 436 1464 eaedem
468 1403 697 1484 partescum,
730 1423 812 1485 quoe
835 1405 897 1467 ΓΛ
919 1404 1046 1469 numeri
1067 1411 1100 1470 A

93 1166 95 1181 .
104 1136 125 1183 A

250 1507 355 1588 [prop.
373 1503 462 1588 XIII,
482 1504 542 1570 def.
562 1507 628 1586 20].
667 1507 679 1569 i
695 1528 776 1590 uque
797 1512 877 1591 quot
892 1513 968 1574 sunt
981 1511 1015 1575 in
1037 1514 1100 1575 ΓΔ

111 1663 136 1712 P
160 1670 204 1721 -E
248 1615 359 1698 partes
381 1611 507 1675 numeri
530 1617 575 1694 A,
599 1615 650 1677 tot
673 1612 771 1676 etium
789 1616 873 1676 ‘sunt
895 1614 930 1677 in
953 1620 1016 1679 ΕΖ
1039 1639 1099 1682 nu.

89 1694 108 1913 ἶ
158 1703 177 1854 p
249 1720 329 1782 meri
345 1721 373 1781 B
388 1719 507 1800 partes.
540 1716 779 1782 diuidatursA
794 1718 829 1782 in
845 1720 920 1800 ΓΗ,
934 1723 1008 1785 ΗΔ
1025 1745 1100 1805 par-

179 1820 203 1872 Θ
248 1827 298 1887 tes
321 1822 447 1886 numeri
471 1826 511 1904 A,
530 1824 602 1886 ΕΖ
617 1826 725 1887 eutem
750 1823 786 1887 in
808 1827 880 1908 ΕΘ,
899 1828 960 1888 ΘΖ
989 1830 1098 1909 partes

178 1972 199 2021 Z
248 1928 375 1992 numeri
399 1931 438 1991 B.
485 1927 546 1991 erit
568 1928 668 2012 igitur
691 1928 865 1993 multitudo
890 1950 1099 1998 numerorum

50 2105 53 2110 ,
248 2037 321 2098 ΓΗ
322 2083 331 2118 ,
353 2035 427 2096 ΗΔ
463 2033 667 2098 multitudini
702 2054 912 2101 numerorum
944 2040 1020 2122 ΕΘ,
1038 2041 1100 2102 ΘΖ

83 2125 129 2172 ’Δ
249 2138 403 2224 aequalis.
427 2142 461 2202 et
474 2138 626 2222 quoniam
637 2137 711 2204 ΓΗ
716 2170 758 2193 ==
768 2143 843 2204 HA
857 2143 890 2206 et
904 2144 967 2206 ΕΘ
977 2173 1019 2195 =
1029 2147 1100 2229 ΘΖ,

86 2249 120 2310 ct
147 2246 321 2311 multitudo
344 2265 552 2309 numerorum
580 2247 655 2329 ΓΗ,
679 2249 752 2311 ΗΔ
775 2247 918 2331 aequalis
942 2252 993 2314 est
1019 2251 1100 2316 mul-

84 2353 219 2418 titudini
243 2372 451 2416 numerorum
476 2353 551 2431 ΕΘ,
574 2353 648 2434 ΘΖ,
673 2351 736 2417 erit

385 2459 802 2522 ΓΗεΕΘι--ΗΔεΘΖ

85 2545 185 2649 quaro
209 2563 309 2628 ctiam
331 2567 368 2628 ut
390 2583 473 2627 unus
496 2560 758 2645 praecedentium
782 2562 822 2626 ud
845 2585 945 2629 unum
968 2587 1101 2649 sequen·

84 2672 177 2753 tium,
194 2671 242 2734 ita
261 2690 371 2734 omues
386 2665 613 2752 praecedentes
628 2667 669 2730 cd
683 2687 795 2733 omnes
811 2672 980 2751 sequentes
996 2673 1101 2756 [prop.

89 2774 179 2855 XII].
226 2796 325 2859 querc
352 2776 425 2838 ΓΗ
434 2774 653 2837 εΕΘεΓΛ
668 2775 760 2836 zEZ.
805 2773 914 2858 itaque
937 2777 1018 2860 ΓΗ,
1040 2781 1104 2842 ΕΘ

87 2909 302 2920 -.-————-—

159 2969 186 3036 1)
205 2966 247 3020 Do
261 2963 449 3036 propositione
463 2963 509 3019 hic
524 2964 627 3019 omisso
640 2964 710 3019 hoec
724 2965 810 3020 habet
824 2964 982 3035 Campanus
992 2966 1051 3034 VII,
1066 2974 1102 3022 20

87 3038 165 3094 aud.:
186 3054 244 3091 non
261 3035 395 3106 proponit
412 3036 510 3089 sutem
528 3033 658 3089 Euclides
673 3034 708 3088 de
726 3035 816 3090 tribus
833 3037 957 3091 numeris
971 3038 1102 3093 continue

105 3106 358 3178 roportionalibus,
378 3105 453 3174 quod
470 3104 520 3160 ille
539 3105 587 3174 qui
601 3122 636 3160 cx
650 3105 737 3160 ductu
754 3105 840 3175 primi
857 3106 887 3160 in
905 3106 1022 3162 tertium
1039 3127 1103 3179 pro·
1120 3126 1123 3132 ’

86 3127 211 3246 incitur,
237 3177 274 3232 sit
297 3175 425 3246 aequalis
443 3177 583 3245 quadrato
606 3176 705 3242 medii,
729 3178 758 3231 et
777 3176 800 3230 si
818 3176 867 3232 ille
886 3178 936 3247 qui
955 3194 989 3231 ex
1011 3181 1102 3249 primo

85 1902 138 1951 -H

86 3249 255 3306 intertium
278 3247 454 3317 producitur,
481 3246 567 3301 fuerit
591 3247 717 3315 scquclis
737 3248 875 3316 quadrato
899 3249 997 3316 medii,
1026 3251 1103 3318 quod

85 3320 130 3375 illi
147 3324 206 3375 tres
225 3318 335 3374 numeri
353 3318 410 3373 sint
428 3317 560 3373 continue
577 3316 815 3387 proportionales,
835 3319 907 3373 sicut
924 3320 1059 3389 proponit
1072 3322 1103 3374 in

83 3389 217 3518 {gumi
231 3389 393 3515 o{ratribus
417 3389 507 3444 lineis.
544 3389 598 3443 hoc
622 3388 695 3444 enim
720 3389 803 3444 facile
822 3389 1029 3445 demonstratur
1052 3407 1104 3456 per
