2348 3818
92 137 158 202 272
473 137 674 190 nomm
692 133 732 205 η’.

94 284 129 347 οί
153 287 198 366 Ε,
218 288 260 366 Ζ,
279 286 329 366 Η,
348 287 377 347 Θ
405 277 585 359 ἐλάσσονες
613 277 708 358 ὄντες
730 282 799 346 τῶν
823 287 867 362 Α,
886 284 929 363 Β,
949 283 993 363 Γ,
1013 285 1047 344 Δ
1069 279 1106 344 ἐν

91 391 138 477 τῷ
166 383 257 479 αὐτῷ
292 385 381 478 λόγῳ
415 386 502 454 εἰσίν
534 383 658 465 αὐτοῖς.
705 388 741 452 οί
769 394 815 471 A,
838 391 883 470 Β,
907 389 951 469 Γ,
976 389 1010 449 A
1042 379 1106 470 άρα

95 490 264 578 ἐλάχιστοί
284 496 349 559 είσι
370 495 440 560 τῶν
461 490 522 560 τὸν
546 488 652 559 αὐτὸν
680 488 783 576 λόγον
808 488 956 576 ἐχόντων
980 486 1106 567 αὐτοῖς·

95 598 178 685 ὅπερ
203 602 269 666 ἔδει
294 598 408 678 δείξαι.

60 725 76 772 6
578 721 622 807 β’.

159 841 369 933 Ἀριθμοὺς
388 842 522 933 εὑρεῖν
541 845 629 931 ἑξῆς
642 842 845 929 άνάλογον
861 844 1108 928 ἐλαχίστους,

96 951 214 1031 ὅσους
236 948 285 1019 άν
308 951 469 1040 ἐπιτάξῃ
492 975 566 1036 τις,
590 952 631 1018 ἐν
653 953 704 1043 τῷ
729 949 896 1018 δοθέντι
918 947 1034 1039 λόγῳ.

153 1055 261 1125 Ἔστω
291 1055 309 1126 6
339 1057 454 1136 ὃοθελς
485 1055 586 1141 λόγος
618 1058 655 1124 ἐν
688 1059 873 1143 ἐλαχίστοις
901 1053 1063 1142 ἀριθμοῖς
1091 1050 1110 1120 6

94 1167 158 1231 τοῦ
190 1173 222 1231 A
253 1162 336 1251 πρὸς
366 1161 428 1232 τὸν
460 1170 503 1229 Β·
534 1166 588 1230 δεῖ
618 1162 660 1250 δὴ
694 1159 865 1252 ἀριθμοὺς
894 1157 1008 1248 εὑρεῖν
1037 1161 1112 1246 ἑξῆς

44 1280 78 1330 10
96 1266 268 1356 άνάλοχον
296 1273 503 1357 ἐλαχίστους,
537 1266 638 1348 ὅσους
665 1267 710 1336 άν
737 1295 787 1348 τις
815 1267 965 1356 ἐπιτάξῃ,
999 1270 1037 1336 ἐν
1063 1270 1110 1358 τῷ

95 1378 157 1442 τοῦ
180 1382 212 1441 Α
234 1372 317 1462 πρὸς
339 1372 399 1443 τὸν
422 1382 451 1442 Β
474 1373 573 1466 λόγῳ.

160 1477 451 1569 Ἐπιτετάχθωσαν
490 1477 532 1566 δὴ
569 1480 742 1567 τέσσαρες,
779 1479 835 1547 καὶ
873 1476 891 1548 6
924 1487 956 1546 A
989 1477 1111 1547 ἑαυτὸν

97 1586 390 1667 πολλαπλασιάσας
412 1585 473 1656 τὸν
496 1592 529 1655 Γ
548 1591 697 1673 ποιείτω,
725 1585 786 1654 τὸν
810 1586 849 1654 δὲ
871 1593 899 1652 Β
922 1579 1113 1653 πολλαπλα-

97 1692 216 1771 σιάσας
242 1690 302 1760 τὸν
330 1699 364 1759 A
390 1698 539 1779 ποιείτω,
572 1692 628 1759 καί
657 1696 706 1758 ἔτι
734 1688 752 1760 6
780 1699 809 1759 Β
841 1688 962 1759 ἑαυτὸν
989 1698 1113 1760 πολλα-

45 1809 78 1858 15
97 1798 284 1879 πλασιάσας
306 1798 366 1868 τὸν
390 1805 422 1865 Β
442 1803 587 1884 ποιείτω,
611 1799 668 1864 καὶ
691 1802 739 1864 ἔτι
763 1795 780 1865 6
806 1807 838 1865 A
860 1794 995 1883 τοὺςΓ,
1018 1806 1063 1883 Δ,
1084 1795 1137 1865 Β

98 1904 391 1984 πολλαπλασιάσας
419 1904 497 1983 τοὺς
525 1911 568 1989 Ζ,
586 1911 636 1989 Η,
656 1911 685 1971 Θ
712 1909 861 1990 ποιείτω,
891 1901 908 1972 6
939 1903 976 1971 δὲ
998 1912 1028 1971 Β
1052 1901 1114 1971 τὸν

99 2020 130 2079 Β
151 2009 445 2089 πολλαπλασιάσας
467 2008 528 2078 τὸν
552 2017 584 2078 Κ
607 2015 751 2078 ποιείτω.

165 2116 233 2182 Καὶ
266 2117 336 2183 ἐπεὶ
370 2114 388 2183 ὁ
423 2125 454 2182 A
482 2114 605 2184 ἑαυτὸν
637 2116 699 2202 μὲν
726 2117 1019 2195 πολλαπλασιάσας
1051 2113 1115 2183 τὸν

99 2227 131 2290 Γ
156 2226 350 2306 πεποίηκεν,
380 2219 441 2289 τὸν
471 2220 508 2288 66
536 2229 563 2289 Β
591 2222 885 2303 πολλαπλασιάσας
911 2222 973 2291 τὸν
997 2229 1032 2288 A
1058 2245 1116 2289 πε-

46 2346 82 2396 20
102 2331 257 2412 ποίῃιιεν,
290 2331 381 2394 ἔστιν
415 2325 480 2413 άρα
513 2325 557 2407 ὡς
585 2324 602 2394 6
632 2337 664 2395 A
696 2327 779 2415 πρὸς
810 2326 871 2396 τὸν
898 2336 943 2415 Β,
978 2327 1114 2413 [οὕτως]

100 2431 118 2501 6
143 2438 175 2501 Γ
193 2431 276 2520 πρὸς
299 2431 358 2501 τὸν
382 2442 424 2501 A.
469 2433 587 2521 πάλιν,
617 2433 687 2502 ἐπεὶ
711 2432 729 2503 6
758 2434 820 2521 μὲν
843 2445 875 2503 A
897 2433 958 2502 τὸν
981 2441 1010 2501 Β
1034 2441 1116 2502 πολ-

99 2539 328 2622 λαπλασιάσας
349 2539 410 2608 τὸν
434 2549 468 2608 Δ
490 2546 680 2627 πεποίῃιιεν,
704 2538 722 2610 6
744 2540 781 2608 δὲ
803 2549 832 2610 Β
851 2540 973 2610 ἑαυτὸν
992 2547 1117 2608 πολλα-

100 2648 286 2726 πλασιάσας
308 2646 368 2716 τὸν
392 2654 424 2714 Ε
444 2653 638 2734 πεποίηκεν,
665 2645 824 2734 ἑκάτερος
842 2645 908 2734 άρα
930 2650 999 2714 τῶν
1022 2655 1066 2731 Α,
1085 2652 1115 2712 Β

100 2754 161 2822 τὸν
183 2762 212 2821 Β
235 2753 528 2833 πολλαπλασιάσας
546 2752 705 2839 ἑκάτερον
723 2756 791 2821 τῶν
811 2759 855 2839 Δ,
874 2761 906 2820 Β
926 2757 1118 2838 πεποίῃαεν.

173 2970 197 3017 3.
219 2961 337 3017 είσι.νΡ
408 2959 521 3036 αάτοῐς]
541 2981 596 3019 om.
618 2965 677 3032 Vq).
747 2971 771 3020 λ.
791 2985 832 3026 τις
851 2959 1019 3034 ἐπιτάξῃΡ.
1091 2971 1116 3020 9.

103 3029 184 3104 ἑξῆς]
210 3051 294 3103 supra
317 3052 353 3088 m
378 3034 458 3102 Π,
481 3052 582 3103 ουτω
665 3041 707 3089 10.
732 3031 851 3107 ἐπιτάξῃ
874 3056 916 3098 τις
935 3036 996 3103 Vq).
1067 3042 1117 3160 112

102 3105 249 3174 τέσσαρες]
270 3108 288 3157 ὃ
306 3104 328 3157 P
347 3106 377 3159 ελ
394 3108 529 3174 postras
551 3056 640 3159 Ιφλίλλ.
660 3106 691 3158 Β.
783 3112 824 3162 13.
848 3103 897 3160 τὸν
922 3103 1000 3160 6613

102 3176 233 3246 ποιείτω]
254 3193 306 3230 om.
328 3196 358 3244 φ.
415 3181 455 3232 18.
476 3175 545 3248 μέν]
565 3194 619 3230 om
639 3176 701 3244 ch.
758 3183 799 3232 19.
820 3177 993 3265 πεποίηκεν]
1015 3113 1116 3262 (prilus6

102 3248 239 3333 πεποίηκε
261 3247 320 3314 Vq).
393 3253 436 3303 20.
456 3247 528 3301 Ante
548 3244 624 3301 ἔστιν
642 3247 705 3301 add.
725 3248 835 3303 Theon.
854 3243 978 3316 άριθμὸς
998 3243 1067 3314 δὴ
1055 3267 1070 3301 ο
1090 3251 1115 3299 A

104 3314 157 3371 δύο
176 3315 241 3379 τοὺς
259 3324 289 3386 A,
309 3323 331 3371 Β
354 3313 601 3379 πολλαπλασιάσας
623 3315 689 3380 τοὺς
714 3323 751 3384 Γ,
770 3325 795 3372 A
822 3321 979 3386 πεποίηκεν
1002 3317 1116 3385 (Βλίφ).

102 3386 165 3460 τόν]
194 3389 289 3444 insert.
316 3409 346 3455 φ.
420 3383 521 3461 ουτως]
546 3406 599 3443 om.
623 3389 655 3442 P
737 3396 779 3444 21.
800 3389 926 3461 με’ν]Ρ,
950 3405 1004 3442 om
1025 3388 1117 3456 Bth.

99 3465 141 3513 24.
163 3460 233 3530 των]
253 3455 353 3513 τόνΡ.
