2348 3818
117 147 183 214 312
488 146 750 201 mommio.

114 289 343 369 λαπλασιάσας
364 287 425 356 τὸν
448 294 477 355 Β
500 291 692 374 πεποίηκεν·
716 282 735 354 ὁ
757 283 823 374 άρα
844 281 910 354 ὑπὸ
934 291 975 370 Θ,
994 292 1036 355 Η
1055 293 1129 367 ίσος

115 397 184 464 ἐστὶ
206 399 252 485 τῷ
276 392 340 463 άπὸ
367 397 429 461 τοῦ
456 403 488 460 Α
514 390 719 483 τετραγώνῳ.
761 395 852 461 ἔστιν
879 389 945 479 άρα
966 386 1021 471 ,ὡς
1051 387 1070 459 ὁ
1100 398 1129 458 Θ

112 499 198 586 πρὸς
219 498 279 568 τὸν
302 510 350 585 Α,
377 497 395 568 ὁ
420 507 453 565 A
475 498 560 587 πρὸς
581 497 642 566 τὸν
666 504 707 566 Η.
753 510 866 585 μετρεῖ
891 495 928 565 δὲ
956 492 975 564 ὁ
1003 506 1040 564 Α
1066 495 1128 565 τὸν

112 612 160 673 Η·
184 618 297 692 μετρεῖ
316 603 383 693 άρα
405 604 461 672 καὶ
484 601 503 672 ὁ
527 611 557 672 Θ
576 601 638 672 τὸν
660 611 693 671 A
721 605 857 691 πρῶτον
885 599 969 670 ὄντα
1000 599 1050 688 μή
1078 597 1127 671 ὢν

77 708 204 800 ταύτῷ
237 710 255 778 ὁ
288 708 405 789 αὐτόςι
438 709 519 796 ὅπερ
548 706 683 777 άτοπον.
730 704 792 775 οὐκ
823 705 890 794 άρα
916 702 936 775 ὁ
969 709 1128 794 μέγιστος

112 812 132 883 ὁ
161 824 194 883 Δ
220 813 286 884 ὑπὸ
314 817 430 904 ἑτέρου
461 811 612 902 ἀριθμοῦ
644 811 888 902 μετρηθήσεται
920 811 1025 900 παρὲξ
1057 818 1126 881 τῶν

111 929 159 1006 Α,
178 928 222 1007 Β,
241 927 281 989 Γ·
305 921 387 1009 ὅπερ
411 924 481 988 ἔδει
503 921 633 1000 δείξαι·

585 1111 642 1181 ιδ’.

174 1233 262 1304 Ἐάν
286 1234 491 1322 ἐλάχιστος
512 1233 687 1323 άριθμὸς
716 1232 791 1303 ὑπὸ
805 1235 977 1322 πρώτων
1006 1230 1121 1320 άριθ·

58 1363 92 1412 10
111 1344 194 1428 μάν
208 1344 412 1429 μετρῆται,
426 1338 486 1408 ὑπ’
504 1339 673 1420 οὐθενὸς
691 1342 815 1409 άλλου
828 1338 985 1426 πρώτου
1005 1337 1122 1425 άριθ-

109 1450 185 1533 μοῦ
225 1446 517 1534 μετρηθήσεται
553 1446 673 1534 παρὲξ
713 1450 790 1514 τῶν
826 1447 864 1526 ἐξ
901 1442 1024 1533 ἀρχῆς
1061 1471 1121 1532 με·

108 1554 324 1640 τρούντων.

173 1656 363 1745 Ἐλάχιστος
389 1656 455 1746 γὰρ
484 1653 632 1745 άριθμὸς
658 1654 676 1724 ὁ
707 1665 740 1725 Α
765 1652 832 1723 ὑπὸ
856 1654 998 1743 τεράτων
1022 1655 1119 1745 άριθ-

108 1768 180 1850 μων
202 1768 272 1832 τῶν
294 1771 335 1849 Β,
354 1770 392 1848 Γ,
412 1772 445 1830 A
468 1767 668 1851 μετρείσθω·
692 1764 789 1848 λέγω,
814 1760 865 1830 ὅτι
889 1758 907 1829 ὁ
930 1770 963 1828 A
982 1759 1040 1830 ὑπ’
1065 1759 1119 1831 mi

57 1887 89 1937 15
109 1868 206 1949 θενὸς
237 1870 344 1937 άλλου
379 1867 513 1954 πρώτον
549 1866 701 1955 άριθμοῦ
737 1869 980 1956 μετρηθήσεται
1018 1867 1118 1956 παρὲξ

107 1978 175 2042 τῶν
198 1982 242 2060 Β,
261 1980 304 2060 Γ,
324 1982 366 2043 A.

173 2084 218 2147 Εί
246 2078 311 2167 γὰρ
341 2077 504 2165 δυνατόν,
532 2085 718 2166 μετρείσθω
741 2076 807 2147 ὑπὸ
833 2081 968 2167 πράτοο
991 2082 1056 2146 τοῦ
1080 2086 1117 2161 Ε,

106 2185 162 2252 καί
195 2182 213 2252 ὁ
246 2193 278 2252 Ε
308 2185 427 2272 μηθενὶ
458 2188 526 2251 τῶν
554 2192 598 2269 Β,
619 2191 661 2270 Γ,
681 2193 715 2252 Δ
743 2191 825 2253 ἔστω
854 2182 872 2252 ὁ
902 2182 1012 2264 αὐτός.
1064 2185 1116 2252 καὶ

107 2290 177 2357 ἐπεὶ
201 2288 219 2358 ὁ
243 2297 276 2357 Ε
295 2288 356 2358 τὸν
379 2299 412 2357 A
434 2302 560 2376 μετρεῖ,
583 2295 740 2377 μετρείτω
764 2287 869 2358 αὐτὸν
891 2288 974 2357 κατὰ
993 2288 1059 2359 τὸν
1078 2298 1115 2358 Ζ·

54 2392 126 2463 1οὸ
160 2403 192 2462 Ε
222 2393 288 2483 άρα
319 2394 381 2463 τὸν
409 2404 436 2461 Ζ
465 2394 757 2474 πολλαπλασιάσας
783 2395 844 2463 τὸν
871 2405 903 2462 A
929 2401 1118 2482 πεποίηκεν.

106 2501 163 2567 καὶ
192 2513 358 2588 μετρεῖται
386 2497 404 2567 ὁ
433 2510 465 2567 Α
494 2497 560 2568 ὑπὸ
585 2504 726 2586 πρώτων
751 2498 906 2588 ἀριθμῶν
927 2505 997 2568 τῶν
1019 2507 1118 2586 Β,Γ,

106 2615 147 2674 Δ.
197 2604 257 2672 ἐὰν
295 2604 332 2672 δὲ
369 2605 433 2673 δύο
465 2603 607 2693 ἀριθμοὶ
638 2606 987 2685 πολλαπλασιάσαντες
1018 2604 1117 2693 άλλή-

105 2716 184 2788 λους
207 2713 333 2777 ποιῶσί
351 2735 439 2796 τινα,
461 2709 522 2778 τὸν
546 2709 583 2778 δὲ
605 2710 792 2797 γενόμενον
815 2713 848 2792 ἐξ
872 2708 985 2778 αὐτῶν
1012 2716 1116 2801 μετρῇ

103 2835 153 2891 τις
175 2817 303 2898 πρῶτος
326 2812 487 2902 ἀριθμός,
509 2816 565 2882 καὶ
588 2817 649 2883 ἕνα
672 2820 739 2883 τῶν
763 2817 796 2896 ἐξ
819 2814 923 2902 άρχής
946 2818 1116 2903 μετρήσει

51 2928 85 2978 25
104 2921 139 2984 οί
168 2925 211 3002 Β,
231 2924 273 3004 Γ,
294 2926 327 2984 A
360 2917 425 3007 άρα
457 2922 517 2988 ἕνα
548 2925 617 2989 τῶν
649 2929 740 3007 Ε,Ζ
772 2920 1005 3009 μετρήσουσιν.
1057 2922 1116 2991 τὸν
1162 2912 1164 2925 ’

176 3116 199 3163 1.
218 3107 291 3179 ὑπό]
307 3107 339 3165 ἐκ
353 3112 409 3164 τάν
424 3112 521 3168 Theon
536 3113 647 3182 (Bth).
697 3120 723 3169 3.
743 3109 774 3184 ὁ]
790 3113 887 3184 (prius)
902 3132 986 3183 supra
998 3132 1037 3170 m.
1056 3122 1071 3171 1
1086 3117 1114 3170 Ρ.

103 3185 127 3233 4.
147 3177 197 3233 τὸν
215 3182 254 3250 A]
274 3178 323 3234 τὸν
341 3179 392 3235 τὸν
411 3188 479 3251 Αφ,
499 3185 630 3237 sedcorr.
686 3189 710 3237 7.
730 3178 800 3253 ὅπερ
816 3182 994 3256 ἔδειθεῖξαι]
1011 3189 1113 3243 om.B.
1162 3250 1164 3255 ¹

105 3254 145 3304 10.
165 3247 294 3330 πρώτου]
314 3266 367 3304 om.
387 3251 417 3305 Β.
493 3259 535 3306 14.
554 3253 679 3376 Βὲροείι
696 3271 750 3308 ras.
776 3261 790 3308 1
814 3255 870 3309 litt.
890 3255 922 3308 V.
997 3263 1042 3312 15.
1063 3279 1114 3312 πα-

103 3319 168 3391 ρέξ]
187 3338 218 3372 1n
235 3320 289 3374 hoc
307 3321 446 3376 uocabulo
465 3322 567 3392 incipit
608 3324 672 3378 aris.
709 3329 780 3379 2344
806 3325 853 3379 fol.
875 3331 925 3379 166
945 3326 995 3393 (q).
1075 3335 1114 3384 19.

102 3390 151 3442 καὶ
169 3385 241 3442 κατά
260 3389 331 3458 Vm,
350 3392 401 3443 καί
418 3391 472 3445 del.
491 3392 525 3446 V.
597 3400 640 3449 20.
659 3391 715 3461 ἄρα
733 3391 784 3448 τὸν
807 3398 844 3464 Ζ]
868 3394 963 3450 insert.
988 3415 1026 3451 m.
1050 3406 1065 3453 1
1085 3400 1114 3454 Β.

94 3462 236 3528 πεποίηκε
261 3459 347 3532 chq.
420 3467 465 3516 21.
487 3456 564 3534 imi]
586 3460 642 3518 ὑπὸ
666 3465 721 3518 τῶν
743 3465 773 3519 P.
847 3471 890 3521 22.
919 3468 1114 3525 πολνπλασιά-
