2348 3818
101 167 167 234 286
486 169 688 223 monum
706 167 746 237 η’.

587 371 626 413 ε.

171 471 219 536 Θί
241 470 423 538 ἐπίπεδοι
451 469 621 558 ἀριθμοὶ
649 469 746 558 πρὸς
774 468 969 555 ἀλλήλους
997 470 1120 556 λόγον

102 579 240 662 ἔχουσι
262 575 330 644 τὸν
355 583 621 664 συγκείμενον
645 579 685 643 ἐπ
707 579 785 644 τῶν
807 578 999 662 πλευρῶν.

159 680 335 750 Ἔστωσαν
358 685 508 752 ἐπίπεδοι
531 682 672 771 ἀριθμοὶ
696 685 731 750 οί
752 690 800 768 Α,
819 689 864 766 Β,
887 681 1030 749 καὶτοῦ
1054 681 1121 768 μὲν

66 797 133 856 5A
161 789 301 873 πλευραὶ
333 793 482 857 ἔστωσαν
510 792 545 857 ολ
570 795 613 875 Γ,
632 797 665 856 A
693 787 852 876 άριθμοί,
880 790 941 854 τοῦ
970 786 1009 854 δὲ
1032 794 1061 854 Β
1087 790 1123 855 οί

101 902 146 981 Ε,
167 903 207 962 Ζ·
239 896 340 981 λέγω,
373 894 425 963 ὅτι
456 892 474 963 6
502 905 535 962 A
565 892 649 982 πρὸς
675 893 736 962 τὸν
764 901 793 960 Β
826 891 930 979 λόγον
958 897 1026 979 ἔχει
1055 892 1119 960 τὸν

102 1007 321 1088 συγκείμενον
344 1003 381 1070 ἐκ
403 1004 471 1070 τῶν
495 1004 661 1084 πλευρῶν.

167 1107 292 1195 Λόγων
319 1106 385 1194 γάρ
414 1108 587 1174 δοθέντων
618 1110 680 1174 τοῦ
707 1133 741 1174 ιε
772 1103 813 1174 ὃν
836 1101 944 1193 ἔχειὸ
974 1110 1007 1172 Γ
1034 1104 1119 1192 πρὸς

100 1213 162 1282 τὸν
194 1222 226 1282 Ε
249 1213 306 1281 ιιαλ
334 1210 353 1282 6
380 1220 415 1280 A
442 1210 527 1300 πρὸς
559 1212 621 1280 τὸν
656 1220 684 1279 Ζ
719 1211 940 1301 εἰλήφθωσαν
972 1208 1116 1298 άρνθμολ

49 1335 82 1384 10
101 1319 174 1405 ἑξῆς
198 1318 364 1405 ἐλάχιστοι
388 1320 425 1386 ἐν
446 1332 516 1398 τοῖς
538 1324 570 1386 Γ
584 1325 629 1402 Ε,
652 1327 685 1384 A
704 1327 732 1386 Ζ
751 1317 874 1404 λόγοις,
897 1320 933 1384 oc
949 1323 994 1403 Η,
1015 1324 1053 1402 Θ,
1074 1323 1116 1403 Κ,

101 1422 185 1492 ω”σιε
217 1421 305 1491 εἶναι
335 1420 380 1503 ὡς
409 1423 471 1511 μὲν
500 1423 561 1493 τὸν
589 1432 621 1494 Γ
646 1423 730 1511 πρὸς
755 1423 818 1493 τὸν
847 1431 891 1508 Ε,
920 1420 1027 1502 οὕτως
1054 1421 1118 1490 τὸν

46 1584 49 1588 .
100 1536 140 1597 Η
165 1528 249 1617 πρὸς
275 1527 338 1598 τὸν
366 1538 408 1615 Θ,
442 1528 487 1612 ὡς
514 1531 552 1599 δὲ
578 1529 639 1599 τὸν
671 1538 704 1597 A
731 1529 814 1618 πρὸς
841 1527 902 1597 τὸν
935 1535 978 1614 Ζ,
1010 1526 1117 1608 οὕτως

100 1635 161 1705 τὸν
184 1643 214 1704 Θ
236 1635 320 1728 πρὸς
343 1635 403 1730 τὸν
427 1644 469 1705 Κ.
514 1637 570 1705 καὶ
595 1635 613 1704 6
639 1644 672 1703 A
694 1636 756 1705 τὸν
774 1643 806 1703 Ε
822 1634 1117 1715 πολλαπλασιάσας

100 1742 162 1810 τὸν
185 1750 216 1810 Λ
239 1749 384 1812 ποιείτω.

50 1867 82 1916 15
168 1850 237 1916 Καὶ
261 1851 330 1918 ἐπεὶ
353 1849 371 1918 6
397 1857 430 1916 A
456 1847 518 1917 τὸν
547 1849 608 1936 μὲν
632 1855 663 1917 Γ
682 1847 976 1927 πολλαπλασιάσας
999 1847 1061 1915 τὸν
1085 1856 1118 1915 A

100 1961 291 2041 πεποίηκεν,
309 1953 370 2024 τὸν
385 1956 423 2024 δὲ
441 1964 473 2023 Ε
489 1953 782 2033 πολλαπλασιάσας
795 1953 855 2022 τὸν
874 1961 906 2020 Λ
924 1960 1117 2040 πεποίηκεν,

101 2066 192 2128 ἔστιν
216 2059 282 2147 ἄρα
305 2058 351 2140 ὡς
374 2058 392 2128 6
416 2066 449 2128 Γ
467 2061 551 2148 πρὸς
573 2060 633 2129 τὸν
656 2067 701 2145 Ε,
726 2061 831 2140 οὕτως
855 2057 873 2128 6
898 2069 930 2127 A
952 2059 1037 2146 πρὸς
1055 2058 1118 2127 τὸν

101 2172 140 2232 A.
178 2164 221 2244 ὡς
245 2166 282 2233 δὲ
305 2163 322 2235 6
349 2172 380 2234 Γ
399 2165 484 2252 πρὸς
506 2166 569 2234 τὸν
592 2174 632 2251 Ε,
657 2165 763 2245 οὕτως
786 2164 804 2234 6
828 2173 868 2234 H
886 2165 969 2254 πρὸς
989 2166 1051 2234 τὸν
1071 2174 1117 2234 Θ·

99 2272 155 2340 παλ
179 2269 224 2351 ὥς
252 2270 318 2357 άρα
345 2268 363 2339 6
395 2277 435 2338 H
457 2271 541 2358 πρὸς
564 2271 625 2338 τὸν
649 2279 691 2357 Θ,
715 2273 822 2351 οὕτως
848 2269 866 2339 6
890 2281 923 2340 A
945 2272 1030 2359 πρὸς
1052 2271 1116 2340 τὸν

49 2396 83 2445 20
103 2385 143 2444 A.
188 2376 305 2463 πάλιν,
334 2377 403 2444 ἐπεὶ
431 2374 449 2444 6
478 2385 510 2444 E
535 2376 597 2444 τόν
626 2385 659 2444 A
686 2376 978 2455 πολλαπλασιάσας
1000 2376 1061 2444 τὸν
1085 2384 1117 2443 A

99 2489 293 2570 πεποίηκεν,
317 2481 401 2551 άλλά
425 2482 493 2570 μὴν
516 2484 572 2550 καὶ
596 2483 656 2551 τὸν
680 2491 708 2550 Ζ
731 2483 1024 2563 πολλαπλασιάσας
1052 2483 1114 2551 τὸν

99 2597 128 2657 Β
151 2595 346 2677 πεποίηκεν,
371 2594 462 2657 ἔστιν
485 2587 551 2677 ἄρα
575 2588 620 2668 ὡς
644 2587 662 2658 6
687 2598 721 2657 A
743 2589 828 2677 πρὸς
849 2587 911 2658 τὸν
936 2597 979 2673 Ζ,
1009 2585 1118 2668 οὕτως

100 2695 117 2764 6
142 2705 174 2764 A
197 2697 279 2785 πρὸς
302 2698 363 2765 τὸν
386 2705 423 2765 Β.
469 2695 544 2764 ἀλλ’
577 2694 622 2775 ὡς
645 2693 663 2763 6
688 2703 722 2762 A
744 2695 828 2783 πρὸς
849 2695 911 2763 τὸν
935 2703 978 2778 Ζ,
1006 2695 1116 2774 οὕτως

100 2801 117 2870 6
143 2810 171 2870 Θ
193 2801 277 2890 πρὸς
298 2800 358 2870 τὸν
382 2809 426 2870 Κ·
454 2803 510 2870 παλ
542 2799 587 2880 ὥς
615 2802 681 2888 άρα
705 2798 723 2868 6
749 2808 777 2867 Θ
799 2800 884 2888 πρὸς
905 2799 966 2868 τὸν
990 2807 1034 2885 Κ,
1059 2800 1115 2868 οὕ-

46 2923 81 2972 25
100 2935 164 2987 ιως
188 2906 206 2976 6
230 2915 261 2975 A
283 2906 367 2993 πρὸς
389 2907 449 2975 τὸν
473 2915 511 2975 Β.
557 2910 693 2994 ἐδείχθη
722 2905 759 2974 66
781 2906 837 2974 καὶ
861 2904 905 2986 ὡς
929 2903 947 2974 6
971 2913 1012 2973 H
1030 2905 1116 2994 πρὸς

100 3012 162 3081 τὸν
186 3020 230 3099 Θ,
258 3011 364 3093 οὕτως
393 3011 410 3080 6
439 3023 470 3081 A
498 3011 581 3098 πρὸς
603 3009 663 3081 τὸν
687 3018 730 3078 A·
762 3009 807 3078 δι’
833 3021 910 3079 ίσου
933 3009 1000 3098 άρα
1023 3013 1115 3081 ἐστὶν

172 3223 197 3271 4.
217 3217 283 3288 μέν]
304 3234 357 3272 om.
376 3218 406 3270 P.
490 3223 514 3271 8.
534 3213 605 3287 γάρ]
625 3210 676 3270 άεί
691 3236 721 3284 φ.
804 3221 846 3268 11.
865 3212 916 3269 τὸν
937 3216 980 3287 H]
1000 3210 1015 3269 6
1036 3219 1067 3268 H
1083 3214 1114 3271 P.

102 3296 143 3345 12.
162 3285 212 3342 τὸν
232 3289 274 3359 A]
294 3283 309 3341 6
330 3293 355 3341 A
374 3287 403 3341 P.
471 3293 512 3343 13.
532 3289 581 3342 καὶ
601 3283 615 3341 6
637 3291 661 3339 A
676 3291 773 3339 -142
792 3286 921 3357 ποιείτω]
941 3303 994 3340 om.
1015 3286 1114 3341 Theon

101 3361 213 3428 (Βλίφ).
261 3375 357 3413 eorum
382 3357 446 3413 loco
474 3358 582 3413 habent
611 3357 705 3426 Banz
738 3354 768 3412 ολ
793 3353 849 3425 άρα
874 3360 915 3424 Η,
935 3358 974 3423 Θ,
994 3361 1022 3411 K
1042 3353 1114 3424 πρὸς

97 3426 234 3500 άλλὴλους
253 3429 348 3501 ἔχουσι
367 3426 433 3490 τούς
451 3429 508 3482 τῶν
528 3429 657 3498 πλευρῶν
675 3425 784 3496 λόγους.
822 3421 885 3482 ἀλλ’
902 3426 917 3482 6
934 3428 986 3481 τοῦ
1002 3430 1032 3480 H
1043 3424 1114 3495 πρὸς

86 3500 138 3556 τὸν
154 3506 189 3556 K
201 3499 288 3575 λόγος
307 3497 457 3575 σύγκειται
477 3494 511 3557 ἐκ
529 3501 581 3556 τοῦ
601 3501 652 3555 ποθ
672 3501 701 3551 H
718 3494 790 3566 πρὸς
805 3494 856 3550 τὸν
876 3499 900 3550 Θ
919 3497 970 3551 καὶ
990 3499 1041 3552 τοῦ
1061 3499 1111 3552 τοῦ
