2348 3818
97 133 138 198 ης
471 131 673 185 mmmm
692 126 733 185 ς’.

95 276 226 363 γώνου
249 273 431 364 πλευράς·
455 273 519 342 καὶ
539 272 608 340 έὰν
627 275 669 339 αλ
684 274 755 340 τοῦ
773 268 975 359 τριγώνου
994 277 1111 338 πλευ-

95 382 160 471 ραὶ
203 379 404 467 ἆνιίλογον
444 382 667 466 τμηθῶσιν,
708 374 729 464 η
771 377 835 446 ἐπὶ
875 375 944 456 τὰς
985 374 1111 464 τομὰς

95 487 407 575 ἐπιζευγνυμένη
432 483 574 554 εὐθεῖα
603 483 707 573 παρὰ
729 482 803 570 τὴν
836 479 980 570 λοιπὴν
1000 487 1113 550 ἔσται

94 597 165 660 τοῦ
187 592 386 681 τριγώνου
408 591 597 680 πλευράν.

59 717 76 766 ι
166 699 341 789 Τριγώνου
376 697 440 787 γὰρ
477 701 539 767 τοῦ
572 701 674 766 ΑΒΓ
702 693 913 785 παράλληλος
945 698 1009 786 μιᾷ
1040 701 1112 766 τῶν

94 809 248 894 πλευρῶν
270 808 310 895 τῇ
334 809 400 872 ΒΓ
418 803 514 892 ἤχθω
538 800 559 889 ἡ
583 810 664 870 ΔΕ·
693 804 797 889 λέγω,
827 800 878 870 ὅτι
901 801 994 871 ἐστὶν
1017 800 1109 890 (ὅςὴ

93 919 162 980 BA
184 913 268 1002 πρὸς
290 913 352 999 τὴν
376 920 460 997 ΔΑ,
486 909 592 990 οὕτως
615 907 635 996 ἡ
659 915 725 977 ΓΕ
745 906 828 998 πρὶς
850 907 912 995 τὴν
936 916 1013 976 ΕΑ.

159 1017 430 1106 Ἐπεζεύχθωσαν
452 1013 517 1103 γὰρ
542 1019 579 1082 αλ
599 1022 680 1102 ΒΕ,
694 1021 766 1083 ΓΔ.

152 1124 246 1192 Ἴσον
274 1125 340 1213 ἄρα
367 1122 436 1191 ἐστὶ
463 1121 500 1190 τὸ
525 1128 631 1189 BAE
651 1127 818 1209 τρίγωνον
847 1123 893 1213 τῷ
915 1125 981 1188 ΓΔ
986 1127 1020 1188 E
1039 1146 1111 1209 τρι-

43 1247 75 1296 10
93 1231 205 1320 γώνῳ·
237 1230 290 1298 έπὶ
317 1227 382 1318 γὰρ
410 1232 469 1315 τῆς
496 1227 599 1314 αὐτῆς
626 1226 756 1314 βάσεώς
785 1229 854 1295 έστι
876 1228 936 1312 τῆς
959 1234 1033 1294 AE
1052 1227 1111 1295 καὶ

95 1340 132 1404 ἐν
159 1349 231 1414 ταῖς
259 1333 374 1414 αὐταῖς
400 1333 624 1423 παραλλήλοις
656 1347 727 1414 ταῖς
755 1341 837 1420 ΔΕ,
854 1339 929 1402 ΒΓ·
958 1330 1044 1402 ἄλλο
1073 1334 1114 1402 δι’

93 1468 125 1508 τι
152 1439 190 1509 τὸ
215 1448 326 1508 ΑΔΕ
350 1445 526 1529 τρίγωνον.
571 1438 611 1507 τὰ
635 1440 672 1508 δὲ
696 1449 752 1508 ἴσα
775 1438 859 1527 πρὸς
881 1437 919 1507 τὸ
944 1437 1027 1508 αὐτὸ
1048 1439 1112 1509 τὸν

95 1544 198 1615 αὐτὸν
227 1553 293 1635 ἔχει
320 1546 437 1633 λόγον·
466 1551 556 1615 ἔστιν
584 1546 649 1636 ἄρα
680 1544 725 1626 ώς
752 1545 789 1613 τὸ
812 1552 919 1614 ΒΔΕ
940 1552 1111 1634 τρίγωνον

93 1654 177 1741 πρὸς
200 1652 238 1723 τὸ
261 1661 370 1721 ΑΔΕ
391 1659 597 1743 [τρίγωνον],
621 1652 728 1731 οὕτως
756 1649 794 1718 τὸ
818 1657 920 1720 ΓΔΕ
940 1658 1111 1741 τρίγωνον

42 1778 74 1826 15
93 1761 176 1849 πρὸς
205 1760 243 1829 τὸ
276 1768 384 1829 ΑΔΕ
412 1767 588 1850 τρίγωνον.
646 1757 719 1827 ἀλλ’
754 1756 798 1838 ώς
835 1758 897 1845 μὲν
928 1756 967 1828 τὸ
1004 1765 1113 1827 ΒΔΕ

92 1874 258 1957 τρίγωνον
291 1865 375 1956 πρὸς
406 1864 443 1936 τὸ
476 1874 595 1952 ΑΔΕ,
630 1866 736 1943 οὕτως
767 1862 790 1950 ἡ
822 1872 892 1931 ΒΔ
923 1863 1009 1954 πρὸς
1043 1863 1111 1952 τὴν

93 1983 176 2041 ΔΑ·
208 1971 273 2041 ὑπὸ
306 1971 370 2059 γὰρ
397 1971 434 2038 τὸ
465 1971 548 2039 αὐτὸ
576 1973 663 2053 ὕψος
690 1969 771 2039 ὄντα
797 1967 860 2057 τὴν
893 1968 958 2039 ιἰπὸ
986 1981 1048 2039 τοῦ
1077 1977 1110 2039 Ε

94 2079 145 2146 ἐπὶ
177 2078 239 2165 τὴν
269 2084 334 2143 ΑΒ
364 2075 510 2143 ιιώθετον
541 2075 711 2163 ἀγομένην
742 2074 826 2165 πρὸς
855 2074 984 2162 ἄλληλά
1017 2081 1108 2147 εἰσιν

93 2182 138 2262 ώς
160 2187 198 2250 αλ
222 2183 342 2267 βάσεις.
389 2181 445 2248 διὰ
470 2180 510 2249 τὰ
530 2180 615 2250 αὐτὰ
635 2182 676 2267 θη
698 2179 743 2261 ὡς
761 2181 798 2250 τὸ
820 2188 921 2249 ΓΔΕ
936 2188 1109 2269 τρίγωνον

40 2309 73 2358 20
92 2289 175 2378 πρὸς
210 2288 248 2357 τὸ
277 2295 396 2375 ΑΔΕ,
434 2286 541 2367 οὕτως
576 2285 597 2375 ἡ
629 2294 695 2356 ΓΕ
722 2287 805 2377 πρὸς
836 2288 899 2375 τὴν
932 2295 1014 2357 ΕΑ·
1050 2291 1110 2358 καὶ

93 2394 138 2476 ώς
170 2395 236 2485 ἄρα
266 2393 287 2483 ἡ
320 2403 387 2462 ΒΔ
418 2394 501 2483 πρὸς
532 2393 594 2482 τὴν
627 2403 715 2481 ΔΑ,
748 2391 855 2474 οὕτως
882 2391 904 2481 ἡ
931 2400 998 2462 ΓΕ
1023 2395 1112 2485 πρὸς

92 2500 154 2589 τὴν
173 2510 242 2571 ΕΑ.

156 2605 253 2678 Ἀλλὰ
278 2607 320 2693 δὴ
345 2610 381 2673 αλ
401 2610 462 2674 τοῦ
486 2613 589 2674 ΑΒΓ
606 2607 773 2697 τριγώνου
796 2607 937 2693 πλευραὶ
965 2609 1002 2674 αἱ
1027 2616 1109 2695 ΑΒ,

93 2722 160 2782 ΑΓ
179 2713 350 2799 ιἰνιέλογον
373 2712 624 2799 τετμήσθωσαν,
649 2711 693 2792 ώς
712 2710 732 2800 ἡ
752 2720 821 2779 ΒΔ
839 2711 924 2801 πρὸς
939 2713 1005 2799 τὴν
1026 2723 1111 2804 ΔΑ,

39 2837 74 2886 ιι
93 2817 199 2898 οὕτως
231 2817 252 2905 ἡ
281 2824 346 2885 ΓΕ
370 2817 453 2906 πρὸς
479 2818 541 2904 τὴν
569 2826 651 2905 ΕΑ,
679 2818 734 2886 καὶ
762 2817 949 2905 ἐπεζεύχθω
977 2816 998 2906 ἡ
1025 2827 1111 2888 ΔΕ·

91 2925 192 3010 λέγω,
217 2924 268 2992 ὅτι
290 2923 501 3012 παράλληλός
524 2927 613 2993 έστιν
637 2921 657 3011 ἡ
682 2932 753 2991 ΔΕ
772 2929 812 3014 τῇ
835 2930 907 2993 ΒΓ.

162 3035 238 3098 Τών
270 3029 335 3118 γὰρ
367 3029 480 3099 αὐτῶν
512 3032 867 3116 κατασκευασθέντων,
905 3031 978 3098 έπεί
1012 3033 1111 3102 ἐστιν

91 3192 305 3205 mut—-

164 3267 188 3317 1.
208 3261 281 3316 Αιιλε
301 3257 334 3316 A
316 3282 352 3315 ιιν
372 3269 387 3315 2
407 3261 462 3318 Ιίλλ,
483 3277 552 3316 eras.
566 3261 601 3314 V.
673 3267 698 3314 3
713 3256 790 3325 παρὰ
804 3258 857 3328 τὴν
872 3258 986 3333 λοιπήν]
1001 3265 1105 3319 mutat.

91 3331 121 3386 in
139 3329 315 3418 πμριλλληλος
332 3352 366 3403 τη
385 3334 467 3402 λοιπῇ
487 3333 509 3385 Β
528 3349 564 3384 m.
584 3331 740 3397 ιεοειιλὶεες
764 3331 794 3385 in
812 3332 834 3385 F
855 3348 939 3402 supra
958 3349 1009 3389 ιοι
1028 3350 1067 3391 ιιι
1088 3340 1106 3387 2

90 3399 273 3491 παράλληλος
350 3410 375 3458 4.
393 3400 532 3474 πλευράν]
554 3402 686 3458 ιιιιιλσλ
677 3420 706 3456 ιιι
725 3403 832 3486 πλευρμῖ
851 3421 888 3458 ιιι
907 3404 1052 3460 ιθοοιιθιεο.
1071 3405 1103 3458 Β

128 3481 151 3528 7.
171 3471 234 3546 ιη’ν]
256 3477 358 3544 postea
380 3473 474 3529 insert
500 3493 530 3543 φ.
603 3469 668 3544 τήν]
690 3476 790 3542 postea
811 3457 908 3530 ιιιιοιλ.
928 3494 958 3544 φ.
1032 3474 1104 3545 ΕΑ]
