2348 3818
105 162 172 227 380
474 159 736 217 nmmum.

105 312 242 391 λογον,
270 305 310 371 οῖ
335 302 377 370 δὲ
404 300 519 391 ἄκροι
547 302 677 371 αὐτῶν
705 305 852 388 πρῶτοι
879 300 977 389 πρὸς
1001 301 1122 392 ἀλλή-

105 417 198 489 λους
230 401 343 493 ὦσιν,
378 405 448 475 οὐκ
478 413 587 475 ἔσται
616 405 666 488 ὡς
692 404 710 476 6
739 411 892 497 πρῶτος
917 407 1019 497 πρὸς
1050 409 1123 480 τὸν

107 515 311 601 δεύτερον,
336 510 459 593 οὕτως
482 512 500 582 6
524 519 689 601 ἔσχατος
709 512 806 599 πρὸς
828 512 951 582 ἄλλον
973 517 1076 586 τινά.

163 619 338 688 Ἔστωσαν
370 617 618 705 ὁσοιδηποτοῦν
654 617 796 708 ἀριθμοὶ
833 621 907 706 ἑξῆς
944 616 1121 709 ἀνάλογον

70 730 141 794 noc
162 736 206 812 A,
224 733 268 811 Β,
286 732 331 812 Γ,
350 733 396 813 A,
426 728 462 793 oc
481 725 519 793 δὲ
541 724 640 814 ἄκροι
664 723 776 793 αὐτῶν
803 728 840 794 οῖ
863 736 910 810 A,
929 733 964 792 A
990 732 1120 815 πρῶτον

104 831 188 919 πρὸς
215 830 382 918 ἀλλήλους
408 836 569 899 ἔστωσαν·
603 831 703 917 λέγω,
736 828 787 898 ὅτι
815 828 877 898 οὐκ
904 836 997 900 ἔστιν
1027 831 1073 913 ὥς
1099 831 1118 902 6

104 947 136 1004 A
158 935 242 1024 πρὸς
262 936 324 1006 τὸν
347 945 389 1025 Β,
414 935 519 1017 οὕτως
541 934 560 1005 6
584 946 617 1005 A
639 935 722 1022 πρὸς
743 934 849 1005 ἄλλον
871 937 956 1005 τινά.

172 1048 217 1111 El
241 1045 306 1130 γὰρ
330 1043 493 1128 δυνατόν,
520 1049 603 1111 ἔστιν
628 1041 674 1124 ὡς
697 1040 715 1110 6
738 1050 772 1109 A
793 1042 877 1131 πρὸς
898 1045 959 1112 τὸν
983 1051 1030 1131 Β,
1061 1042 1117 1112 οὕ-

103 1175 168 1229 τως
199 1147 217 1216 6
247 1157 281 1216 A
307 1147 391 1235 πρὸς
416 1147 477 1216 τὸν
504 1155 547 1215 Β·
579 1148 719 1229 ἐναλλὰξ
747 1147 815 1236 ἄρα
841 1149 931 1219 ἐστὶν
960 1146 1007 1229 ὡς
1039 1147 1058 1218 6
1085 1156 1116 1216 A

54 1273 87 1321 10
106 1253 188 1343 πρὸς
210 1253 271 1322 τὸν
293 1262 342 1338 Δ,
366 1252 385 1322 6
409 1261 437 1321 Β
461 1252 545 1342 πρὸς
566 1254 627 1322 τὸν
651 1262 690 1322 E.
736 1257 772 1322 ολ
792 1254 830 1323 δὲ
852 1264 899 1342 Α,
919 1263 954 1322 A
975 1259 1113 1343 πρῶτοι,

105 1363 140 1427 ολ
161 1359 198 1426 δὲ
220 1363 345 1447 πρῶτοι
368 1359 424 1426 καὶ
448 1359 628 1446 ἐλάχιστοι,
658 1362 693 1427 οῖ
719 1360 756 1429 δὲ
780 1359 945 1447 ἐλάχιστοι
973 1357 1115 1448 ἀριθμοὶ

104 1469 262 1552 μετροῦσι
284 1463 364 1545 τοὺς
386 1463 446 1533 τὸν
468 1463 573 1533 αὐτὸν
600 1465 705 1552 λόγον
734 1470 870 1553 ἔχοντας
897 1465 1007 1545 ἰσάκις
1035 1463 1055 1535 6
1081 1491 1114 1534 τε

104 1567 290 1657 ἡγούμενος
321 1569 381 1639 τὸν
414 1569 604 1658 ἡγούμενον
631 1571 688 1639 καὶ
716 1569 734 1639 6
764 1571 926 1658 ἑπόμενος
952 1570 1015 1639 τὸν
1043 1569 1115 1641 ἑπό-

103 1702 215 1763 μενον.
261 1690 374 1765 μετρεῖ
394 1675 461 1762 ἄρα
489 1674 507 1744 6
536 1686 568 1743 A
590 1676 651 1745 τὸν
679 1685 717 1745 Β.
761 1683 821 1745 ιιοιί
846 1681 935 1746 ἐστιν
966 1674 1012 1758 ὡς
1039 1705 1058 1746 ο
1085 1685 1116 1744 A

52 1809 83 1857 15
103 1780 187 1869 πρὸς
213 1781 274 1850 τὸν
297 1789 342 1868 Β,
370 1778 388 1849 6
412 1789 441 1850 Β
464 1781 548 1868 πρὸς
569 1781 629 1850 τὸν
651 1789 688 1852 Γ.
729 1784 785 1851 καὶ
813 1780 831 1851 6
856 1790 885 1849 B
908 1781 974 1867 ἄρα
1003 1783 1066 1852 τὸν
1088 1788 1118 1849 Γ

103 1901 227 1975 μετρεῖ·
256 1886 340 1955 ὥστε
367 1887 423 1953 καὶ
451 1885 469 1954 6
492 1896 525 1954 A
548 1914 608 1956 τον
631 1894 663 1955 Γ
689 1902 806 1975 μετρεῖ.
851 1889 908 1955 καὶ
930 1890 1005 1955 ε’πεί
1027 1892 1114 1956 ἐστιν

104 1990 149 2072 ὡς
177 1991 195 2061 6
224 2001 252 2061 B
279 2017 363 2081 προς
391 2019 450 2060 τον
473 1998 515 2081 Γ,
542 1991 560 2060 6
584 1999 617 2061 Γ
638 1997 724 2082 πρὸς
744 1998 806 2062 τὸν
830 2002 877 2079 Δ,
900 2007 1015 2079 μετρεῖ
1037 1993 1075 2062 66
1097 1990 1115 2061 6

103 2106 132 2166 Β
160 2119 221 2166 τον
249 2106 292 2183 Γ,
325 2111 438 2186 μετρεῖ
468 2097 534 2185 ἄρα
560 2099 616 2165 ναὶ
645 2097 663 2167 6
696 2105 728 2167 Γ
755 2102 815 2168 τὸν
847 2107 889 2166 A.
931 2097 1007 2166 ἀλλ’
1039 2100 1057 2168 6
1085 2107 1116 2166 A

103 2228 164 2271 τον
187 2210 219 2270 Γ
238 2205 376 2292 ἐμέτρει·
406 2201 489 2272 ὥστε
513 2202 532 2272 6
555 2214 588 2271 A
614 2205 669 2272 κοιλ
691 2207 752 2274 τὸν
777 2214 810 2273 A
837 2217 956 2292 μετρεῖ.
1002 2218 1117 2293 μετρεῖ

51 2335 85 2382 20
104 2308 141 2376 δὲ
163 2309 219 2375 καὶ
243 2307 372 2375 ἑαυτόν.
413 2308 431 2376 6
456 2316 487 2376 A
511 2307 577 2397 ἄρα
599 2312 678 2390 τοὺς
701 2319 747 2396 A,
767 2318 800 2377 A
823 2323 935 2397 μετρεῖ
961 2310 1117 2397 πρώτους

104 2412 205 2492 ὄντας
227 2438 310 2501 προς
333 2411 513 2500 ἀλλήλους·
537 2413 619 2504 ὅπερ
638 2415 729 2482 ἐστὶν
751 2415 929 2483 ἀδύνατον.
968 2413 1033 2483 οὐκ
1052 2415 1117 2503 ἄρα

104 2523 194 2586 ἔσται
223 2516 267 2598 ὥς
295 2517 312 2587 6
341 2528 374 2586 A
400 2522 484 2607 πρὸς
510 2523 570 2588 τὸν
598 2527 642 2606 Β,
672 2519 778 2599 οὕτως
805 2517 823 2587 6
847 2528 880 2586 A
903 2532 987 2607 πρὸς
1011 2520 1118 2590 ἄλλον

103 2627 190 2692 τινοί·
216 2624 296 2713 ὅπερ
320 2631 387 2694 ἔδει
412 2627 525 2706 δεῖξαι.

583 2845 640 2905 ιη.

51 2964 84 3012 25
171 2940 254 3007 Δύο
288 2938 471 3028 ἀριθμῶν
504 2943 709 3010 δοθέντων
741 2943 1046 3028 ἐπισκέψασθαι,
1083 2949 1121 3011 εἰ

176 3122 201 3170 5.
221 3118 262 3188 A]
288 3119 359 3206 (alt)
384 3135 453 3172 corr.
473 3118 595 3172 exBF.
677 3122 701 3172 8.
720 3115 782 3188 τόν]
803 3134 856 3172 om.
875 3118 905 3172 F.
980 3123 1004 3173 9.
1026 3115 1115 3191 ἐστίν]

104 3203 157 3241 om.
176 3186 209 3242 V.
275 3193 316 3242 11,
335 3190 458 3258 αριθμοί
490 3205 544 3244 om.
563 3187 597 3243 V.
663 3193 703 3242 12.
725 3186 840 3256 ἔχοντας
859 3182 956 3250 αὐτοῖς
974 3189 1008 3243 V.
1072 3197 1115 3244 15.

103 3258 308 3328 uul]m.2F.
370 3264 453 3313 1614
490 3275 592 3313 eeorr.
614 3259 648 3314 V.
710 3264 751 3312 17.
771 3253 803 3330 6]
824 3261 911 3327 (tert.)
929 3255 961 3311 τό
980 3277 1011 3326 φ.
1073 3267 1116 3314 19.

103 3324 228 3400 ἐμέτρει]
249 3329 282 3395 Ρ,
302 3335 400 3397 μετρεῖ
414 3327 511 3383 Theon
530 3329 661 3398 (Bqu).
699 3329 806 3382 Deinde
824 3329 887 3384 add.
907 3329 944 3382 B:
963 3323 1034 3384 ὥστε
1056 3326 1071 3384 6
1091 3335 1114 3383 A

101 3396 151 3451 τὸν
179 3404 205 3451 Γ
225 3404 333 3467 μετρεῖ,
357 3398 406 3452 sed
429 3399 482 3452 del.
507 3416 543 3452 m.
564 3407 587 3455 1.
661 3394 798 3470 ὃΑκαί]
817 3400 867 3453 καὶ
885 3396 900 3454 6
920 3399 991 3467 AF3
1011 3396 1027 3454 6
1046 3407 1069 3455 A
1087 3420 1114 3470 q.

98 3469 215 3539 μετρεῖ]
235 3468 332 3538 (prius)
352 3484 406 3523 om.
424 3469 454 3525 F.
518 3475 560 3524 22.
581 3471 626 3540 A]
644 3473 696 3537 Βφ
716 3472 782 3540 (non
800 3470 842 3538 F).
