2348 3818
88 111 152 177 132
467 113 669 167 Σνοωωιαα
687 111 724 171 ς’.

86 261 262 324 ΖΗΘΚΛ
289 253 470 340 πολύγωνα
498 262 544 334 είς
566 282 601 323 τε
629 255 729 342 ὅμοια
752 261 898 343 τρίγωνα
921 259 1100 342 διαιρεῖται

86 362 143 429 καὶ
175 365 222 440 είς
249 370 305 429 ίσα
332 359 370 429 τὸ
398 365 530 448 πλῆθος
556 363 612 430 καὶ
635 359 784 449 ὁμόλογα
811 376 881 443 τοῖς
909 362 1016 448 ὅλοις,
1044 363 1101 430 ααλ

86 461 125 538 τύ
144 474 315 536 ΑΒΓΔΕ
331 468 530 555 πολύγωνον
548 467 632 556 πρὸς
648 467 686 536 τὸ
707 474 881 537 ΖΗΘΚΛ
897 470 1100 555 πολύγωνον

87 579 287 644 διπλασίονα
309 575 413 660 λόγον
437 579 502 662 ἔχει
525 573 608 663 ἥπερ
632 572 653 661 ἡ
676 583 741 643 ΑΒ
764 573 846 663 πρὸς
868 574 931 661 τὴν
954 581 1032 643 ΖΗ.

52 693 69 740 ὅ
152 677 424 768 Ἐπεζεύχθωσαν
448 684 484 747 αλ
505 688 583 766 ΒΕ,
598 687 671 767 ΕΓ,
685 688 770 767 ΗΑ,
786 689 858 751 ΑΘ.

154 787 223 854 Καὶ
260 787 329 855 ἐπεὶ
369 786 490 873 ὅμοιόν
523 790 590 856 ἐστι
624 788 662 856 τὸ
692 795 863 856 ΑΒΓΔΕ
896 786 1099 874 πολύγωνον

87 897 134 984 τῷ
158 897 332 961 ΖΗΘΚΛ
354 892 554 984 πολυγώνῳ,
583 901 644 985 ἴση
663 891 797 981 ἐστίνίγ
820 891 886 962 ὑπὸ
911 901 1016 962 ΒΑΕ
1036 920 1099 980 γω-

87 1004 144 1067 νία
171 1001 210 1086 τῇ
234 995 299 1066 ὑπὸ
328 1006 441 1066 ΗΖΛ.
491 1005 550 1066 καί
579 1001 669 1068 ἐστιν
698 997 787 1087 ώςὴ
815 1007 881 1067 ΒΑ
908 997 992 1088 πρὸς
1021 1007 1100 1086 ΑΒ,

88 1105 194 1186 οὕτως
217 1102 237 1192 ἡ
261 1111 328 1172 ΗΖ
351 1102 435 1192 πρὸς
458 1111 531 1173 ΖΛ.
577 1106 647 1174 ἐπεὶ
676 1098 738 1174 οὖν
767 1105 830 1175 δύο
857 1105 1004 1193 τρίγωνά
1030 1109 1100 1175 ἐστι

44 1221 69 1270 [0
87 1209 129 1278 τὰ
152 1218 268 1298 ΑΒΕ,
284 1215 388 1279 ΖΗΛ
410 1216 492 1297 μίαν
516 1217 644 1297 γωνίαν
667 1216 727 1302 μιᾷ
744 1218 852 1304 γωνίᾳ
871 1221 948 1299 ίσην
968 1216 1098 1299 ἔχοντα,

87 1318 164 1405 περὶ
205 1317 243 1385 δὲ
277 1314 336 1397 τὰς
374 1324 448 1397 ίσας
483 1322 608 1403 γωνίας
638 1315 698 1399 τὰς
733 1318 879 1406 πλευρὰς
914 1315 1099 1404 ἀνάλογον,

55 1461 58 1466 ·
88 1419 270 1507 ίσογώνιον
312 1421 377 1510 ἄρα
419 1422 488 1490 ἐστὶ
521 1420 559 1490 τὸ
589 1431 693 1491 ΑΒΕ
722 1429 888 1511 τρίγωνον
919 1427 965 1516 τῷ
993 1430 1100 1491 ΖΗΛ

87 1525 253 1618 τριγώνῳ·
273 1524 430 1607 ὥστεκαὶ
450 1526 584 1614 ὅμοιον·
604 1537 659 1615 ίση
679 1528 744 1617 ἄρα
763 1530 854 1598 ἐστὶν
871 1525 893 1616 ἡ
911 1526 977 1598 ὑπὸ
997 1537 1103 1598 ΑΒΕ

89 1639 197 1720 γωνία
218 1637 259 1722 τῇ
290 1630 355 1703 ὑπὸ
380 1640 494 1708 ΖΗΛ.
541 1641 611 1704 ἔστι
641 1634 678 1703 δὲ
700 1636 756 1705 καὶ
780 1636 841 1722 ὅλη
864 1633 886 1722 ἡ
909 1633 975 1704 ὑπὸ
997 1641 1106 1703 ΑΒΓ

44 1759 70 1808 15
90 1740 151 1830 ὅλη
175 1744 214 1832 τῇ
237 1738 304 1810 ὑπὸ
329 1748 429 1810 ΖΗΘ
453 1751 508 1829 ίση
539 1740 596 1811 διὰ
618 1740 680 1829 τὴν
704 1738 883 1829 ὁμοιότητα
905 1746 974 1812 τών
996 1749 1101 1810 πολο-

88 1846 222 1933 γώνων·
245 1845 344 1936 λοιπὴ
367 1848 434 1937 ἄρα
457 1839 483 1936 ἦ
502 1846 567 1917 ὑπὸ
593 1855 696 1916 ΕΒΓ
712 1854 819 1934 γωνία
841 1852 881 1938 τῇ
905 1845 970 1916 ὑπὸ
994 1855 1101 1916 ΛΗΘ

90 1953 180 2021 ἐστιν
209 1962 273 2041 ίση.
319 1955 375 2022 καὶ
409 1955 479 2022 ἐπεὶ
511 1952 567 2022 διὰ
595 1952 657 2040 τὴν
685 1951 864 2040 ὁμοιότητα
890 1957 958 2022 τών
985 1961 1100 2041 ΑΒΕ,

88 2064 192 2126 ΖΗΛ
223 2058 399 2146 τριγώνων
431 2059 522 2126 ἐστὶν
554 2056 600 2139 ώς
626 2056 647 2146 ἡ
676 2067 740 2127 ΕΒ
767 2059 851 2147 πρὸς
883 2067 959 2145 ΒΑ,
991 2059 1103 2141 οὕτως

87 2161 109 2250 ἡ
137 2170 213 2232 ΛΗ
235 2163 319 2251 πρὸς
345 2171 430 2251 ΗΖ,
458 2161 542 2233 ἀλλὰ
571 2162 649 2251 μὴν.
665 2166 721 2233 καὶ
749 2164 805 2234 διὰ
832 2165 895 2252 τὴν
919 2163 1101 2252 ὁμοιότητα

44 2290 70 2339 ιο
87 2274 156 2339 τών
184 2269 391 2357 πολυγώνων
419 2271 510 2339 ἐστὶν
538 2266 583 2350 ώς
610 2268 630 2357 ἡ
654 2279 719 2339 ΑΒ
743 2271 826 2360 πρὸς
848 2277 920 2357 ΒΓ,
949 2271 1101 2361 ούτωςὴ

89 2383 162 2444 ΖΗ
183 2375 267 2463 πρὸς
295 2384 377 2464 ΗΘ,
411 2374 456 2446 δι’
492 2385 569 2446 ἴσον
597 2375 662 2465 ἄρα
690 2379 780 2447 ἐστὶν
808 2375 853 2458 ὡς
879 2374 901 2464 ἡ
930 2385 993 2446 ΕΒ
1016 2379 1102 2467 πρὸς

88 2489 162 2569 ΒΓ,
190 2479 298 2565 οὕτως
323 2480 345 2571 ἡ
369 2491 446 2553 ΛΗ
462 2481 546 2573 πρὸς
568 2475 651 2571 ΗΘ,
677 2484 733 2552 καί
760 2483 835 2571 περὶ
856 2480 916 2563 τὰς
939 2491 1014 2564 ίσας
1037 2512 1101 2571 γω·

88 2594 164 2670 νίας
185 2587 244 2670 τὰς
266 2588 331 2659 ὑπὸ
352 2596 459 2676 ΕΒΓ,
474 2597 578 2658 ΛΗΘ
596 2593 633 2658 αλ
649 2590 790 2678 πλευραὶ
807 2586 979 2675 ἀνάλογόν
998 2595 1102 2660 εἰσιν·

90 2696 271 2783 ἰσογώνιον
307 2695 373 2786 ἄρα
407 2697 477 2765 ἐστὶ
510 2695 549 2765 τὸ
584 2701 685 2765 ΕΒΓ
716 2700 883 2784 τρίγωνον
914 2700 960 2787 τῷ
994 2704 1102 2767 ΛΗΘ

44 2817 69 2869 ιο
87 2801 253 2895 τριγώνῳ·
287 2799 372 2872 ὥστε
402 2803 459 2870 καί
491 2801 611 2889 ὅμοιόν
644 2806 713 2872 ἐστι
743 2800 781 2870 τὸ
809 2807 910 2871 ΕΒΓ
932 2808 1102 2890 τρίγωνον

87 2911 134 3002 τῷ
163 2913 267 2976 ΛΗΘ
297 2908 460 2995 τριγώνω.
508 2908 563 2977 διὰ
598 2907 640 2978 τὰ
667 2907 752 2978 αὐτὰ
783 2907 825 2996 δὴ
852 2909 909 2977 καὶ
935 2907 972 2977 τὸ
1002 2916 1102 2978 ΕΓΔ

87 3021 253 3104 τρίγωνον
282 3010 401 3101 ὅμοιόν
434 3018 502 3084 ἐστι
538 3020 584 3108 τῳ
617 3022 722 3083 ΛΘΚ
750 3014 912 3108 τριγώνῳ.
961 3013 1001 3083 τὰ
1033 3014 1101 3105 ἄρα

160 3234 185 3284 ὅ.
203 3230 259 3283 ΛΘ
301 3229 401 3285 mutat.
424 3227 454 3282 in
476 3232 528 3283 ΛΒ
551 3229 582 3284 F.
674 3233 699 3283 7.
718 3223 779 3284 ἔστί
798 3243 857 3297 seq.
880 3245 934 3283 ras.
957 3232 974 3282 8
993 3228 1050 3285 litt.
1069 3230 1099 3285 F.

123 3305 149 3357 8.
170 3303 253 3355 ΗΖΛ
299 3301 383 3353 ΖΗΛ
409 3299 440 3354 F.
486 3297 539 3368 τὴν
566 3301 618 3353 ΑΕ
641 3299 674 3354 V.
748 3305 772 3355 9.
798 3299 868 3370 ΗΖ]
895 3302 953 3353 ΖΗ
972 3299 1003 3355 P.
1047 3297 1101 3369 τὴν

88 3374 141 3428 ΖΛ
157 3370 191 3428 V.
279 3375 321 3425 10.
341 3370 443 3445 γωνίᾳ]
462 3373 570 3439 γωνίαν
589 3371 651 3439 th.
739 3375 780 3424 11.
800 3368 849 3441 δέ]
869 3386 924 3427 om.
943 3370 972 3425 F.
1057 3377 1098 3426 13.

88 3440 147 3515 ἴση]
167 3457 236 3499 corr.
255 3457 289 3497 ex
308 3442 369 3496 ίσον
388 3459 425 3495 m.
443 3457 498 3496 ree.
518 3442 548 3496 P.
623 3446 664 3498 15.
685 3441 786 3512 ΖΗΘ]
807 3444 837 3495 H
853 3441 964 3497 uidetur
978 3458 1049 3498 corr.
1063 3442 1097 3497 V.

88 3516 122 3606 ἱ
