<?xml version="1.0" encoding="UTF-8"?>
<!DOCTYPE html PUBLIC "-//W3C//DTD XHTML 1.0 Transitional//EN"
    "http://www.w3.org/TR/xhtml1/DTD/xhtml1-transitional.dtd">
<html xmlns="http://www.w3.org/1999/xhtml" xml:lang="en" lang="en">
 <head>
  <title>
</title>
<meta http-equiv="Content-Type" content="text/html;charset=utf-8" />
  <meta name='ocr-system' content='tesseract 3.04.00' />
  <meta name='ocr-capabilities' content='ocr_page ocr_carea ocr_par ocr_line ocrx_word'/>
</head>
<body>
  <div class='ocr_page' id='page_1' title='image "./euclidisoperaom15unkngoog_0055.png"; bbox 0 0 2348 3818; ppageno 0'>
   <div class='ocr_carea' id='block_1_1' title="bbox 108 143 745 214">
    <p class='ocr_par' dir='ltr' id='par_1_1' title="bbox 108 143 745 214">
     <span class='ocr_line' id='line_1_1' title="bbox 108 143 745 214; baseline 0 -14"><span class='ocrx_word' id='word_1_1' title='bbox 108 149 152 214; x_wconf 84' lang='lat'><strong><em>30</em></strong></span> <span class='ocrx_word' id='word_1_2' title='bbox 490 148 692 201; x_wconf 70' lang='grc' dir='ltr'><strong><em>Στοιεωιοει</em></strong></span> <span class='ocrx_word' id='word_1_3' title='bbox 709 143 745 201; x_wconf 55' lang='grc' dir='ltr'><strong><em>εί.</em></strong></span> 
     </span>
    </p>
   </div>
   <div class='ocr_carea' id='block_1_2' title="bbox 55 288 1164 1335">
    <p class='ocr_par' dir='ltr' id='par_1_2' title="bbox 55 288 1164 1335">
     <span class='ocr_line' id='line_1_2' title="bbox 108 288 1124 375; baseline -0.004 -15"><span class='ocrx_word' id='word_1_4' title='bbox 108 290 193 360; x_wconf 89' lang='grc' dir='ltr'><strong><em>ῶστε</em></strong></span> <span class='ocrx_word' id='word_1_5' title='bbox 222 291 324 359; x_wconf 80' lang='grc' dir='ltr'><strong><em>πάλιν</em></strong></span> <span class='ocrx_word' id='word_1_6' title='bbox 350 289 388 360; x_wconf 89' lang='grc' dir='ltr'><strong><em>τὸ</em></strong></span> <span class='ocrx_word' id='word_1_7' title='bbox 417 297 489 358; x_wconf 89' lang='grc' dir='ltr'><strong><em>ΖΗ</em></strong></span> <span class='ocrx_word' id='word_1_8' title='bbox 511 293 572 358; x_wconf 82' lang='grc' dir='ltr'><strong><em>τοῦ</em></strong></span> <span class='ocrx_word' id='word_1_9' title='bbox 595 295 640 356; x_wconf 91' lang='grc' dir='ltr'><em>Μ</em></span> <span class='ocrx_word' id='word_1_10' title='bbox 658 288 720 357; x_wconf 79' lang='grc' dir='ltr'><strong><em>οῶιι</em></strong></span> <span class='ocrx_word' id='word_1_11' title='bbox 743 290 834 357; x_wconf 82' lang='grc' dir='ltr'><strong><em>ἐστιν</em></strong></span> <span class='ocrx_word' id='word_1_12' title='bbox 854 293 1004 356; x_wconf 81' lang='grc' dir='ltr'><strong><em>ἔλασσον.</em></strong></span> <span class='ocrx_word' id='word_1_13' title='bbox 1053 303 1124 375; x_wconf 83' lang='grc' dir='ltr'><strong><em>μεῑ-</em></strong></span> 
     </span>
     <span class='ocr_line' id='line_1_3' title="bbox 109 394 1123 482; baseline -0.004 -16"><span class='ocrx_word' id='word_1_14' title='bbox 109 404 165 479; x_wconf 74' lang='grc' dir='ltr'><strong><em>ζον</em></strong></span> <span class='ocrx_word' id='word_1_15' title='bbox 196 399 234 466; x_wconf 72' lang='grc' dir='ltr'><strong><em>δὲ</em></strong></span> <span class='ocrx_word' id='word_1_16' title='bbox 260 397 297 466; x_wconf 87' lang='grc' dir='ltr'><strong><em>τὸ</em></strong></span> <span class='ocrx_word' id='word_1_17' title='bbox 325 404 394 465; x_wconf 98' lang='grc' dir='ltr'><strong><em>ΗΘ</em></strong></span> <span class='ocrx_word' id='word_1_18' title='bbox 420 401 482 466; x_wconf 83' lang='grc' dir='ltr'><strong><em>τοῦ</em></strong></span> <span class='ocrx_word' id='word_1_19' title='bbox 510 407 556 464; x_wconf 91' lang='grc' dir='ltr'><strong><em>Δ·</em></strong></span> <span class='ocrx_word' id='word_1_20' title='bbox 585 395 667 465; x_wconf 81' lang='grc' dir='ltr'><strong><em>ὅλον</em></strong></span> <span class='ocrx_word' id='word_1_21' title='bbox 695 395 761 482; x_wconf 76' lang='grc' dir='ltr'><strong><em>ἄρα</em></strong></span> <span class='ocrx_word' id='word_1_22' title='bbox 784 394 822 465; x_wconf 90' lang='grc' dir='ltr'><strong><em>τὸ</em></strong></span> <span class='ocrx_word' id='word_1_23' title='bbox 843 402 905 463; x_wconf 91' lang='grc' dir='ltr'><strong><em>ΖΘ</em></strong></span> <span class='ocrx_word' id='word_1_24' title='bbox 922 399 992 463; x_wconf 89' lang='grc' dir='ltr'><strong><em>τῶν</em></strong></span> <span class='ocrx_word' id='word_1_25' title='bbox 1012 404 1056 480; x_wconf 84' lang='grc' dir='ltr'><strong><em>Δ,</em></strong></span> <span class='ocrx_word' id='word_1_26' title='bbox 1071 402 1123 481; x_wconf 84' lang='grc' dir='ltr'><strong><em>Μ,</em></strong></span> 
     </span>
     <span class='ocr_line' id='line_1_4' title="bbox 107 498 1123 592; baseline -0.003 -20"><span class='ocrx_word' id='word_1_27' title='bbox 107 507 257 574; x_wconf 80' lang='grc' dir='ltr'><strong><em>τουτέστι</em></strong></span> <span class='ocrx_word' id='word_1_28' title='bbox 270 508 331 572; x_wconf 85' lang='grc' dir='ltr'><strong><em>τοῦ</em></strong></span> <span class='ocrx_word' id='word_1_29' title='bbox 346 511 390 592; x_wconf 88' lang='grc' dir='ltr'><strong><em>Ν,</em></strong></span> <span class='ocrx_word' id='word_1_30' title='bbox 403 502 564 592; x_wconf 84' lang='grc' dir='ltr'><strong><em>ὑπερέχει.</em></strong></span> <span class='ocrx_word' id='word_1_31' title='bbox 597 502 634 572; x_wconf 90' lang='grc' dir='ltr'><strong><em>τὸ</em></strong></span> <span class='ocrx_word' id='word_1_32' title='bbox 651 502 689 571; x_wconf 72' lang='grc' dir='ltr'><strong><em>δὲ</em></strong></span> <span class='ocrx_word' id='word_1_33' title='bbox 703 509 738 570; x_wconf 87' lang='grc' dir='ltr'><strong><em>Κ</em></strong></span> <span class='ocrx_word' id='word_1_34' title='bbox 750 507 813 571; x_wconf 87' lang='grc' dir='ltr'><strong><em>τοῦ</em></strong></span> <span class='ocrx_word' id='word_1_35' title='bbox 827 510 866 570; x_wconf 93' lang='grc' dir='ltr'><em>Ν</em></span> <span class='ocrx_word' id='word_1_36' title='bbox 877 498 940 589; x_wconf 83' lang='grc' dir='ltr'><strong><em>οὐχ</em></strong></span> <span class='ocrx_word' id='word_1_37' title='bbox 958 499 1123 590; x_wconf 79' lang='grc' dir='ltr'><strong><em>ὑπερέχει,</em></strong></span> 
     </span>
     <span class='ocr_line' id='line_1_5' title="bbox 109 605 1123 696; baseline -0.005 -16"><span class='ocrx_word' id='word_1_38' title='bbox 109 609 285 696; x_wconf 77' lang='grc' dir='ltr'><strong><em>ἐπειδήπερ</em></strong></span> <span class='ocrx_word' id='word_1_39' title='bbox 314 611 369 677; x_wconf 86' lang='grc' dir='ltr'><strong><em>καὶ</em></strong></span> <span class='ocrx_word' id='word_1_40' title='bbox 396 607 435 677; x_wconf 86' lang='grc' dir='ltr'><strong><em>τὸ</em></strong></span> <span class='ocrx_word' id='word_1_41' title='bbox 464 616 536 677; x_wconf 89' lang='grc' dir='ltr'><strong><em>ΖΗ</em></strong></span> <span class='ocrx_word' id='word_1_42' title='bbox 558 615 671 696; x_wconf 80' lang='grc' dir='ltr'><strong><em>μεῖζον</em></strong></span> <span class='ocrx_word' id='word_1_43' title='bbox 698 605 741 678; x_wconf 81' lang='grc' dir='ltr'><strong><em>δν</em></strong></span> <span class='ocrx_word' id='word_1_44' title='bbox 768 612 829 677; x_wconf 83' lang='grc' dir='ltr'><strong><em>τοῦ</em></strong></span> <span class='ocrx_word' id='word_1_45' title='bbox 858 614 942 693; x_wconf 88' lang='grc' dir='ltr'><strong><em>ΗΘ,</em></strong></span> <span class='ocrx_word' id='word_1_46' title='bbox 969 609 1123 676; x_wconf 81' lang='grc' dir='ltr'><strong><em>τουτέστι</em></strong></span> 
     </span>
     <span class='ocr_line' id='line_1_6' title="bbox 74 713 1157 811; baseline -0.002 -27"><span class='ocrx_word' id='word_1_47' title='bbox 74 720 169 784; x_wconf 75' lang='grc' dir='ltr'><strong><em>5τοῦ</em></strong></span> <span class='ocrx_word' id='word_1_48' title='bbox 201 723 249 802; x_wconf 88' lang='grc' dir='ltr'><strong><em>Κ,</em></strong></span> <span class='ocrx_word' id='word_1_49' title='bbox 281 726 342 785; x_wconf 86' lang='grc' dir='ltr'><strong><em>τοῦ</em></strong></span> <span class='ocrx_word' id='word_1_50' title='bbox 375 722 415 783; x_wconf 92' lang='grc' dir='ltr'><em>Ν</em></span> <span class='ocrx_word' id='word_1_51' title='bbox 442 715 504 802; x_wconf 84' lang='grc' dir='ltr'><strong><em>οὐχ</em></strong></span> <span class='ocrx_word' id='word_1_52' title='bbox 540 714 700 805; x_wconf 83' lang='grc' dir='ltr'><strong><em>ὑπερέχει.</em></strong></span> <span class='ocrx_word' id='word_1_53' title='bbox 750 718 805 784; x_wconf 83' lang='grc' dir='ltr'><strong><em>ναὶ</em></strong></span> <span class='ocrx_word' id='word_1_54' title='bbox 834 713 992 794; x_wconf 81' lang='grc' dir='ltr'><strong><em>ὡσαύτως</em></strong></span> <span class='ocrx_word' id='word_1_55' title='bbox 1023 741 1123 784; x_wconf 84' lang='grc' dir='ltr'><strong><em>ιιατα-</em></strong></span> <span class='ocrx_word' id='word_1_56' title='bbox 1154 807 1157 811; x_wconf 62' lang='lat'><em>,</em></span> 
     </span>
     <span class='ocr_line' id='line_1_7' title="bbox 108 819 1123 911; baseline 0 -21"><span class='ocrx_word' id='word_1_57' title='bbox 108 827 355 902; x_wconf 79' lang='grc' dir='ltr'><strong><em>κολουθοῦντες</em></strong></span> <span class='ocrx_word' id='word_1_58' title='bbox 381 837 451 902; x_wconf 78' lang='grc' dir='ltr'><strong><em>τοῖς</em></strong></span> <span class='ocrx_word' id='word_1_59' title='bbox 481 821 592 890; x_wconf 81' lang='grc' dir='ltr'><strong><em>ἐπάνω</em></strong></span> <span class='ocrx_word' id='word_1_60' title='bbox 620 829 822 911; x_wconf 77' lang='grc' dir='ltr'><strong><em>περαίνομεν</em></strong></span> <span class='ocrx_word' id='word_1_61' title='bbox 849 821 910 908; x_wconf 77' lang='grc' dir='ltr'><strong><em>τὴν</em></strong></span> <span class='ocrx_word' id='word_1_62' title='bbox 938 819 1123 902; x_wconf 73' lang='grc' dir='ltr'><strong><em>ἀπόδειξιν.</em></strong></span> 
     </span>
     <span class='ocr_line' id='line_1_8' title="bbox 179 925 1121 1017; baseline 0.001 -22"><span class='ocrx_word' id='word_1_63' title='bbox 179 933 256 997; x_wconf 87' lang='grc' dir='ltr'><strong><em>Τῶν</em></strong></span> <span class='ocrx_word' id='word_1_64' title='bbox 279 928 345 1015; x_wconf 75' lang='grc' dir='ltr'><strong><em>ἄρα</em></strong></span> <span class='ocrx_word' id='word_1_65' title='bbox 368 927 496 997; x_wconf 80' lang='grc' dir='ltr'><strong><em>ἀνίσων</em></strong></span> <span class='ocrx_word' id='word_1_66' title='bbox 515 933 671 1015; x_wconf 76' lang='grc' dir='ltr'><strong><em>μεγεθῶν</em></strong></span> <span class='ocrx_word' id='word_1_67' title='bbox 688 927 727 1012; x_wconf 79' lang='grc' dir='ltr'><strong><em>τὸ</em></strong></span> <span class='ocrx_word' id='word_1_68' title='bbox 746 936 859 1016; x_wconf 80' lang='grc' dir='ltr'><strong><em>μεῖζον</em></strong></span> <span class='ocrx_word' id='word_1_69' title='bbox 877 927 960 1017; x_wconf 84' lang='grc' dir='ltr'><strong><em>πρὸς</em></strong></span> <span class='ocrx_word' id='word_1_70' title='bbox 977 927 1016 996; x_wconf 89' lang='grc' dir='ltr'><strong><em>τὸ</em></strong></span> <span class='ocrx_word' id='word_1_71' title='bbox 1035 925 1121 996; x_wconf 80' lang='grc' dir='ltr'><strong><em>αὐτὸ</em></strong></span> 
     </span>
     <span class='ocr_line' id='line_1_9' title="bbox 109 1032 1122 1124; baseline -0.002 -20"><span class='ocrx_word' id='word_1_72' title='bbox 109 1041 243 1122; x_wconf 79' lang='grc' dir='ltr'><strong><em>μείζονα</em></strong></span> <span class='ocrx_word' id='word_1_73' title='bbox 273 1033 376 1119; x_wconf 79' lang='grc' dir='ltr'><strong><em>λόγον</em></strong></span> <span class='ocrx_word' id='word_1_74' title='bbox 409 1039 475 1121; x_wconf 79' lang='grc' dir='ltr'><strong><em>ἔχει</em></strong></span> <span class='ocrx_word' id='word_1_75' title='bbox 506 1033 590 1124; x_wconf 79' lang='grc' dir='ltr'><strong><em>ἥπερ</em></strong></span> <span class='ocrx_word' id='word_1_76' title='bbox 621 1033 658 1103; x_wconf 87' lang='grc' dir='ltr'><strong><em>τὸ</em></strong></span> <span class='ocrx_word' id='word_1_77' title='bbox 691 1039 842 1103; x_wconf 74' lang='grc' dir='ltr'><strong><em>ἔλαττον</em></strong></span> <span class='ocrx_word' id='word_1_78' title='bbox 873 1035 930 1103; x_wconf 82' lang='grc' dir='ltr'><strong><em>καὶ</em></strong></span> <span class='ocrx_word' id='word_1_79' title='bbox 965 1033 1004 1103; x_wconf 88' lang='grc' dir='ltr'><strong><em>τὸ</em></strong></span> <span class='ocrx_word' id='word_1_80' title='bbox 1036 1032 1122 1102; x_wconf 77' lang='grc' dir='ltr'><strong><em>αὐτὸ</em></strong></span> 
     </span>
     <span class='ocr_line' id='line_1_10' title="bbox 108 1139 1122 1229; baseline 0.001 -21"><span class='ocrx_word' id='word_1_81' title='bbox 108 1140 192 1229; x_wconf 81' lang='grc' dir='ltr'><strong><em>πρὸς</em></strong></span> <span class='ocrx_word' id='word_1_82' title='bbox 227 1139 265 1209; x_wconf 91' lang='grc' dir='ltr'><strong><em>τὸ</em></strong></span> <span class='ocrx_word' id='word_1_83' title='bbox 299 1146 434 1208; x_wconf 78' lang='grc' dir='ltr'><strong><em>ἔλαττον</em></strong></span> <span class='ocrx_word' id='word_1_84' title='bbox 462 1147 597 1227; x_wconf 79' lang='grc' dir='ltr'><strong><em>μείζονα</em></strong></span> <span class='ocrx_word' id='word_1_85' title='bbox 627 1140 731 1228; x_wconf 79' lang='grc' dir='ltr'><strong><em>λόγον</em></strong></span> <span class='ocrx_word' id='word_1_86' title='bbox 759 1146 825 1228; x_wconf 78' lang='grc' dir='ltr'><strong><em>ἔχει</em></strong></span> <span class='ocrx_word' id='word_1_87' title='bbox 857 1140 940 1229; x_wconf 75' lang='grc' dir='ltr'><strong><em>ἥπερ</em></strong></span> <span class='ocrx_word' id='word_1_88' title='bbox 964 1140 1049 1227; x_wconf 79' lang='grc' dir='ltr'><strong><em>πρὸς</em></strong></span> <span class='ocrx_word' id='word_1_89' title='bbox 1081 1140 1122 1210; x_wconf 82' lang='grc' dir='ltr'><strong><em>τὸ</em></strong></span> 
     </span>
     <span class='ocr_line' id='line_1_11' title="bbox 55 1237 1164 1335; baseline -0.001 -21"><span class='ocrx_word' id='word_1_90' title='bbox 55 1259 91 1307; x_wconf 86' lang='grc'><strong><em>10</em></strong></span> <span class='ocrx_word' id='word_1_91' title='bbox 110 1254 234 1333; x_wconf 81' lang='grc' dir='ltr'><strong><em>μεῖζον·</em></strong></span> <span class='ocrx_word' id='word_1_92' title='bbox 258 1244 340 1335; x_wconf 84' lang='grc' dir='ltr'><strong><em>ὅπερ</em></strong></span> <span class='ocrx_word' id='word_1_93' title='bbox 363 1250 430 1315; x_wconf 83' lang='grc' dir='ltr'><strong><em>ἔδει</em></strong></span> <span class='ocrx_word' id='word_1_94' title='bbox 455 1249 568 1328; x_wconf 78' lang='grc' dir='ltr'><strong><em>δεῖξαι.</em></strong></span> <span class='ocrx_word' id='word_1_95' title='bbox 1161 1237 1164 1240; x_wconf 31' lang='lat'><strong>⁴</strong></span> 
     </span>
    </p>
   </div>
   <div class='ocr_carea' id='block_1_3' title="bbox 54 1441 1129 3412">
    <p class='ocr_par' dir='ltr' id='par_1_3' title="bbox 588 1441 637 1511">
     <span class='ocr_line' id='line_1_12' title="bbox 588 1441 637 1511; baseline 0.02 -1"><span class='ocrx_word' id='word_1_96' title='bbox 588 1441 637 1511; x_wconf 63' lang='grc' dir='ltr'><strong><em>θ’.</em></strong></span> 
     </span>
    </p>

    <p class='ocr_par' dir='ltr' id='par_1_4' title="bbox 108 1563 1124 1868">
     <span class='ocr_line' id='line_1_13' title="bbox 179 1563 1124 1654; baseline 0.005 -22"><span class='ocrx_word' id='word_1_97' title='bbox 179 1564 231 1632; x_wconf 67' lang='lat' dir='ltr'><strong><em>T&amp;</em></strong></span> <span class='ocrx_word' id='word_1_98' title='bbox 258 1564 355 1654; x_wconf 84' lang='grc' dir='ltr'><strong><em>πρὸς</em></strong></span> <span class='ocrx_word' id='word_1_99' title='bbox 381 1563 422 1634; x_wconf 85' lang='grc' dir='ltr'><strong><em>τὸ</em></strong></span> <span class='ocrx_word' id='word_1_100' title='bbox 454 1565 549 1636; x_wconf 78' lang='grc' dir='ltr'><strong><em>αὐτὸ</em></strong></span> <span class='ocrx_word' id='word_1_101' title='bbox 577 1564 647 1637; x_wconf 86' lang='grc' dir='ltr'><strong><em>τὸν</em></strong></span> <span class='ocrx_word' id='word_1_102' title='bbox 674 1564 797 1635; x_wconf 84' lang='grc' dir='ltr'><strong><em>αὐτὸν</em></strong></span> <span class='ocrx_word' id='word_1_103' title='bbox 826 1572 966 1654; x_wconf 87' lang='grc' dir='ltr'><strong><em>έχοντα</em></strong></span> <span class='ocrx_word' id='word_1_104' title='bbox 994 1566 1124 1654; x_wconf 80' lang='grc' dir='ltr'><strong><em>λόγον</em></strong></span> 
     </span>
     <span class='ocr_line' id='line_1_14' title="bbox 109 1670 1124 1763; baseline 0.005 -24"><span class='ocrx_word' id='word_1_105' title='bbox 109 1679 173 1740; x_wconf 72' lang='grc' dir='ltr'><strong><em>ἴσα</em></strong></span> <span class='ocrx_word' id='word_1_106' title='bbox 203 1671 390 1760; x_wconf 76' lang='grc' dir='ltr'><strong><em>ἀλλήλοις</em></strong></span> <span class='ocrx_word' id='word_1_107' title='bbox 418 1675 540 1743; x_wconf 77' lang='grc' dir='ltr'><strong><em>ἐστίν·</em></strong></span> <span class='ocrx_word' id='word_1_108' title='bbox 570 1674 636 1742; x_wconf 84' lang='grc' dir='ltr'><strong><em>καὶ</em></strong></span> <span class='ocrx_word' id='word_1_109' title='bbox 665 1672 765 1763; x_wconf 81' lang='grc' dir='ltr'><strong><em>πρὸς</em></strong></span> <span class='ocrx_word' id='word_1_110' title='bbox 797 1670 819 1740; x_wconf 76' lang='grc' dir='ltr'><strong><em>δὲ</em></strong></span> <span class='ocrx_word' id='word_1_111' title='bbox 851 1673 893 1743; x_wconf 90' lang='grc' dir='ltr'><strong><em>τὸ</em></strong></span> <span class='ocrx_word' id='word_1_112' title='bbox 922 1671 1017 1742; x_wconf 80' lang='grc' dir='ltr'><strong><em>αὐτὸ</em></strong></span> <span class='ocrx_word' id='word_1_113' title='bbox 1049 1673 1124 1744; x_wconf 89' lang='grc' dir='ltr'><strong><em>τὸν</em></strong></span> 
     </span>
     <span class='ocr_line' id='line_1_15' title="bbox 108 1776 876 1868; baseline 0.008 -24"><span class='ocrx_word' id='word_1_114' title='bbox 108 1776 229 1848; x_wconf 85' lang='grc' dir='ltr'><strong><em>αὐτὸν</em></strong></span> <span class='ocrx_word' id='word_1_115' title='bbox 254 1784 332 1867; x_wconf 81' lang='grc' dir='ltr'><strong><em>ἔχει</em></strong></span> <span class='ocrx_word' id='word_1_116' title='bbox 356 1779 489 1868; x_wconf 75' lang='grc' dir='ltr'><strong><em>λόγον,</em></strong></span> <span class='ocrx_word' id='word_1_117' title='bbox 513 1783 648 1849; x_wconf 77' lang='grc' dir='ltr'><strong><em>ἐκεῖνα</em></strong></span> <span class='ocrx_word' id='word_1_118' title='bbox 671 1789 736 1848; x_wconf 74' lang='grc' dir='ltr'><strong><em>ἴσα</em></strong></span> <span class='ocrx_word' id='word_1_119' title='bbox 759 1782 876 1850; x_wconf 83' lang='grc' dir='ltr'><strong><em>ἐστίν.</em></strong></span> 
     </span>
    </p>

    <p class='ocr_par' dir='ltr' id='par_1_5' title="bbox 54 1883 1124 2101">
     <span class='ocr_line' id='line_1_16' title="bbox 54 1883 1124 1975; baseline 0.005 -22"><span class='ocrx_word' id='word_1_120' title='bbox 54 1895 87 1944; x_wconf 82' lang='lat'><strong><em>15</em></strong></span> <span class='ocrx_word' id='word_1_121' title='bbox 169 1883 288 1973; x_wconf 81' lang='grc' dir='ltr'><strong><em>Ἐχέτω</em></strong></span> <span class='ocrx_word' id='word_1_122' title='bbox 320 1884 385 1974; x_wconf 81' lang='grc' dir='ltr'><strong><em>γὰρ</em></strong></span> <span class='ocrx_word' id='word_1_123' title='bbox 418 1885 575 1973; x_wconf 82' lang='grc' dir='ltr'><strong><em>έαοίτερον</em></strong></span> <span class='ocrx_word' id='word_1_124' title='bbox 607 1889 676 1954; x_wconf 90' lang='grc' dir='ltr'><strong><em>τῶν</em></strong></span> <span class='ocrx_word' id='word_1_125' title='bbox 708 1893 799 1971; x_wconf 85' lang='grc' dir='ltr'><strong><em>Α,Β</em></strong></span> <span class='ocrx_word' id='word_1_126' title='bbox 831 1885 915 1975; x_wconf 83' lang='grc' dir='ltr'><strong><em>πρὸς</em></strong></span> <span class='ocrx_word' id='word_1_127' title='bbox 937 1887 974 1956; x_wconf 91' lang='grc' dir='ltr'><strong><em>τὸ</em></strong></span> <span class='ocrx_word' id='word_1_128' title='bbox 1003 1894 1037 1954; x_wconf 91' lang='grc' dir='ltr'><strong><em>Γ</em></strong></span> <span class='ocrx_word' id='word_1_129' title='bbox 1058 1887 1124 1958; x_wconf 88' lang='grc' dir='ltr'><strong><em>τὸν</em></strong></span> 
     </span>
     <span class='ocr_line' id='line_1_17' title="bbox 107 1987 989 2101; baseline 0.003 -42"><span class='ocrx_word' id='word_1_130' title='bbox 107 1987 211 2101; x_wconf 66' lang='grc' dir='ltr'><strong><em>ρι’πὸν</em></strong></span> <span class='ocrx_word' id='word_1_131' title='bbox 234 1990 352 2077; x_wconf 77' lang='grc' dir='ltr'><strong><em>λόγον·</em></strong></span> <span class='ocrx_word' id='word_1_132' title='bbox 375 1995 476 2079; x_wconf 75' lang='grc' dir='ltr'><strong><em>λέγω,</em></strong></span> <span class='ocrx_word' id='word_1_133' title='bbox 501 1990 553 2060; x_wconf 81' lang='grc' dir='ltr'><strong><em>ὅτι</em></strong></span> <span class='ocrx_word' id='word_1_134' title='bbox 576 2000 652 2061; x_wconf 76' lang='grc' dir='ltr'><strong><em>ἴσον</em></strong></span> <span class='ocrx_word' id='word_1_135' title='bbox 677 1993 746 2060; x_wconf 81' lang='grc' dir='ltr'><strong><em>ἐστὶ</em></strong></span> <span class='ocrx_word' id='word_1_136' title='bbox 768 1991 806 2061; x_wconf 87' lang='grc' dir='ltr'><strong><em>τὸ</em></strong></span> <span class='ocrx_word' id='word_1_137' title='bbox 830 2003 862 2060; x_wconf 89' lang='grc' dir='ltr'><em>Α</em></span> <span class='ocrx_word' id='word_1_138' title='bbox 884 1998 931 2086; x_wconf 77' lang='grc' dir='ltr'><strong><em>τῶ</em></strong></span> <span class='ocrx_word' id='word_1_139' title='bbox 950 2001 989 2062; x_wconf 89' lang='grc' dir='ltr'><strong><em>Β.</em></strong></span> 
     </span>
    </p>

    <p class='ocr_par' dir='ltr' id='par_1_6' title="bbox 106 2095 1129 2402">
     <span class='ocr_line' id='line_1_18' title="bbox 172 2095 1129 2187; baseline 0.006 -24"><span class='ocrx_word' id='word_1_140' title='bbox 172 2101 217 2164; x_wconf 80' lang='grc' dir='ltr'><strong><em>Εἰ</em></strong></span> <span class='ocrx_word' id='word_1_141' title='bbox 238 2096 302 2186; x_wconf 79' lang='grc' dir='ltr'><strong><em>γὰρ</em></strong></span> <span class='ocrx_word' id='word_1_142' title='bbox 326 2097 383 2186; x_wconf 81' lang='grc' dir='ltr'><strong><em>μή,</em></strong></span> <span class='ocrx_word' id='word_1_143' title='bbox 407 2097 469 2168; x_wconf 82' lang='grc' dir='ltr'><strong><em>οὐκ</em></strong></span> <span class='ocrx_word' id='word_1_144' title='bbox 492 2095 536 2166; x_wconf 76' lang='grc' dir='ltr'><strong><em>ἄν</em></strong></span> <span class='ocrx_word' id='word_1_145' title='bbox 559 2098 718 2186; x_wconf 80' lang='grc' dir='ltr'><strong><em>ἑκάτερον</em></strong></span> <span class='ocrx_word' id='word_1_146' title='bbox 736 2103 806 2168; x_wconf 90' lang='grc' dir='ltr'><strong><em>τῶν</em></strong></span> <span class='ocrx_word' id='word_1_147' title='bbox 825 2107 911 2185; x_wconf 87' lang='grc' dir='ltr'><strong><em>Α,Β</em></strong></span> <span class='ocrx_word' id='word_1_148' title='bbox 930 2098 1015 2187; x_wconf 81' lang='grc' dir='ltr'><strong><em>πρὸς</em></strong></span> <span class='ocrx_word' id='word_1_149' title='bbox 1033 2098 1072 2168; x_wconf 91' lang='grc' dir='ltr'><strong><em>τὸ</em></strong></span> <span class='ocrx_word' id='word_1_150' title='bbox 1093 2107 1129 2169; x_wconf 87' lang='grc' dir='ltr'><strong><em>Γ</em></strong></span> 
     </span>
     <span class='ocr_line' id='line_1_19' title="bbox 106 2201 1124 2292; baseline 0.005 -22"><span class='ocrx_word' id='word_1_151' title='bbox 106 2201 166 2271; x_wconf 90' lang='grc' dir='ltr'><strong><em>τὸν</em></strong></span> <span class='ocrx_word' id='word_1_152' title='bbox 194 2201 298 2272; x_wconf 82' lang='grc' dir='ltr'><strong><em>αὐτὸν</em></strong></span> <span class='ocrx_word' id='word_1_153' title='bbox 326 2201 392 2292; x_wconf 78' lang='grc' dir='ltr'><strong><em>εἶχε</em></strong></span> <span class='ocrx_word' id='word_1_154' title='bbox 419 2203 535 2290; x_wconf 80' lang='grc' dir='ltr'><strong><em>λόγον’</em></strong></span> <span class='ocrx_word' id='word_1_155' title='bbox 565 2209 631 2291; x_wconf 79' lang='grc' dir='ltr'><strong><em>ἔχει</em></strong></span> <span class='ocrx_word' id='word_1_156' title='bbox 660 2207 710 2274; x_wconf 90' lang='grc' dir='ltr'><strong><em>δέ·</em></strong></span> <span class='ocrx_word' id='word_1_157' title='bbox 738 2213 814 2272; x_wconf 76' lang='grc' dir='ltr'><strong><em>ἴσον</em></strong></span> <span class='ocrx_word' id='word_1_158' title='bbox 842 2204 908 2292; x_wconf 75' lang='grc' dir='ltr'><strong><em>ἄρα</em></strong></span> <span class='ocrx_word' id='word_1_159' title='bbox 932 2207 1000 2273; x_wconf 76' lang='grc' dir='ltr'><strong><em>ἐστὶ</em></strong></span> <span class='ocrx_word' id='word_1_160' title='bbox 1024 2204 1063 2275; x_wconf 83' lang='grc' dir='ltr'><strong><em>τὸ</em></strong></span> <span class='ocrx_word' id='word_1_161' title='bbox 1089 2219 1124 2275; x_wconf 88' lang='grc' dir='ltr'><em>Α</em></span> 
     </span>
     <span class='ocr_line' id='line_1_20' title="bbox 107 2314 209 2402; baseline 0.02 -26"><span class='ocrx_word' id='word_1_162' title='bbox 107 2314 153 2402; x_wconf 81' lang='grc' dir='ltr'><strong><em>τῶ</em></strong></span> <span class='ocrx_word' id='word_1_163' title='bbox 171 2317 209 2378; x_wconf 92' lang='grc' dir='ltr'><strong><em>Β.</em></strong></span> 
     </span>
    </p>

    <p class='ocr_par' dir='ltr' id='par_1_7' title="bbox 55 2415 1122 2618">
     <span class='ocr_line' id='line_1_21' title="bbox 55 2415 1122 2507; baseline 0.003 -22"><span class='ocrx_word' id='word_1_164' title='bbox 55 2427 89 2477; x_wconf 74' lang='lat'><strong><em>20</em></strong></span> <span class='ocrx_word' id='word_1_165' title='bbox 171 2415 288 2505; x_wconf 76' lang='grc' dir='ltr'><strong><em>’Βχέτω</em></strong></span> <span class='ocrx_word' id='word_1_166' title='bbox 320 2417 362 2505; x_wconf 84' lang='grc' dir='ltr'><strong><em>δὴ</em></strong></span> <span class='ocrx_word' id='word_1_167' title='bbox 390 2417 491 2486; x_wconf 76' lang='grc' dir='ltr'><strong><em>πάλιν</em></strong></span> <span class='ocrx_word' id='word_1_168' title='bbox 520 2415 559 2486; x_wconf 88' lang='grc' dir='ltr'><strong><em>τὸ</em></strong></span> <span class='ocrx_word' id='word_1_169' title='bbox 587 2424 619 2486; x_wconf 90' lang='grc' dir='ltr'><em>Γ</em></span> <span class='ocrx_word' id='word_1_170' title='bbox 642 2417 724 2507; x_wconf 83' lang='grc' dir='ltr'><strong><em>πρὸς</em></strong></span> <span class='ocrx_word' id='word_1_171' title='bbox 752 2417 908 2500; x_wconf 83' lang='grc' dir='ltr'><strong><em>ἑκάτερον</em></strong></span> <span class='ocrx_word' id='word_1_172' title='bbox 935 2421 1003 2486; x_wconf 90' lang='grc' dir='ltr'><strong><em>τῶν</em></strong></span> <span class='ocrx_word' id='word_1_173' title='bbox 1027 2428 1075 2504; x_wconf 83' lang='grc' dir='ltr'><strong><em>Α,</em></strong></span> <span class='ocrx_word' id='word_1_174' title='bbox 1091 2427 1122 2488; x_wconf 92' lang='grc' dir='ltr'><strong>Β</strong></span> 
     </span>
     <span class='ocr_line' id='line_1_22' title="bbox 107 2522 1068 2618; baseline 0.002 -28"><span class='ocrx_word' id='word_1_175' title='bbox 107 2523 167 2593; x_wconf 87' lang='grc' dir='ltr'><strong><em>τὸν</em></strong></span> <span class='ocrx_word' id='word_1_176' title='bbox 191 2523 296 2594; x_wconf 79' lang='grc' dir='ltr'><strong><em>αὐτὸν</em></strong></span> <span class='ocrx_word' id='word_1_177' title='bbox 317 2525 437 2610; x_wconf 75' lang='grc' dir='ltr'><strong><em>λόγον·</em></strong></span> <span class='ocrx_word' id='word_1_178' title='bbox 460 2525 561 2611; x_wconf 82' lang='grc' dir='ltr'><strong><em>λέγω,</em></strong></span> <span class='ocrx_word' id='word_1_179' title='bbox 585 2522 637 2593; x_wconf 83' lang='grc' dir='ltr'><strong><em>ὅτι</em></strong></span> <span class='ocrx_word' id='word_1_180' title='bbox 661 2533 737 2593; x_wconf 73' lang='grc' dir='ltr'><strong><em>ἴσον</em></strong></span> <span class='ocrx_word' id='word_1_181' title='bbox 761 2526 829 2594; x_wconf 78' lang='grc' dir='ltr'><strong><em>έοτδ</em></strong></span> <span class='ocrx_word' id='word_1_182' title='bbox 852 2522 889 2594; x_wconf 83' lang='grc' dir='ltr'><strong><em>τὸ</em></strong></span> <span class='ocrx_word' id='word_1_183' title='bbox 913 2534 945 2592; x_wconf 89' lang='grc' dir='ltr'><em>Α</em></span> <span class='ocrx_word' id='word_1_184' title='bbox 963 2527 1009 2618; x_wconf 79' lang='grc' dir='ltr'><strong><em>τῷ</em></strong></span> <span class='ocrx_word' id='word_1_185' title='bbox 1029 2532 1068 2592; x_wconf 89' lang='grc' dir='ltr'><strong><em>Β.</em></strong></span> 
     </span>
    </p>

    <p class='ocr_par' dir='ltr' id='par_1_8' title="bbox 106 2627 1124 2938">
     <span class='ocr_line' id='line_1_23' title="bbox 175 2627 1124 2720; baseline 0 -20"><span class='ocrx_word' id='word_1_186' title='bbox 175 2636 219 2700; x_wconf 78' lang='grc' dir='ltr'><strong><em>Εἰ</em></strong></span> <span class='ocrx_word' id='word_1_187' title='bbox 240 2629 305 2719; x_wconf 76' lang='grc' dir='ltr'><strong><em>γὰρ</em></strong></span> <span class='ocrx_word' id='word_1_188' title='bbox 329 2630 385 2718; x_wconf 79' lang='grc' dir='ltr'><strong><em>μή,</em></strong></span> <span class='ocrx_word' id='word_1_189' title='bbox 409 2629 473 2700; x_wconf 82' lang='grc' dir='ltr'><strong><em>οὐκ</em></strong></span> <span class='ocrx_word' id='word_1_190' title='bbox 495 2627 540 2699; x_wconf 82' lang='grc' dir='ltr'><strong><em>ῶν</em></strong></span> <span class='ocrx_word' id='word_1_191' title='bbox 561 2630 599 2699; x_wconf 88' lang='grc' dir='ltr'><strong><em>τὸ</em></strong></span> <span class='ocrx_word' id='word_1_192' title='bbox 619 2638 652 2699; x_wconf 90' lang='grc' dir='ltr'><strong><em>Γ</em></strong></span> <span class='ocrx_word' id='word_1_193' title='bbox 665 2630 748 2720; x_wconf 82' lang='grc' dir='ltr'><strong><em>πρὸς</em></strong></span> <span class='ocrx_word' id='word_1_194' title='bbox 767 2631 924 2719; x_wconf 78' lang='grc' dir='ltr'><strong><em>ἑκάτερον</em></strong></span> <span class='ocrx_word' id='word_1_195' title='bbox 941 2635 1012 2698; x_wconf 91' lang='grc' dir='ltr'><strong><em>τῶν</em></strong></span> <span class='ocrx_word' id='word_1_196' title='bbox 1030 2639 1075 2717; x_wconf 88' lang='lat' dir='ltr'><strong><em>A,</em></strong></span> <span class='ocrx_word' id='word_1_197' title='bbox 1091 2639 1124 2700; x_wconf 88' lang='grc' dir='ltr'><strong>Β</strong></span> 
     </span>
     <span class='ocr_line' id='line_1_24' title="bbox 106 2733 1123 2825; baseline 0.002 -20"><span class='ocrx_word' id='word_1_198' title='bbox 106 2736 168 2807; x_wconf 89' lang='grc' dir='ltr'><strong><em>τὸν</em></strong></span> <span class='ocrx_word' id='word_1_199' title='bbox 196 2734 301 2806; x_wconf 84' lang='grc' dir='ltr'><strong><em>αὐτὸν</em></strong></span> <span class='ocrx_word' id='word_1_200' title='bbox 329 2733 395 2823; x_wconf 81' lang='grc' dir='ltr'><strong><em>εἶχε</em></strong></span> <span class='ocrx_word' id='word_1_201' title='bbox 423 2735 539 2822; x_wconf 76' lang='grc' dir='ltr'><strong><em>λόγον·</em></strong></span> <span class='ocrx_word' id='word_1_202' title='bbox 568 2742 634 2825; x_wconf 80' lang='grc' dir='ltr'><strong><em>ἔχει</em></strong></span> <span class='ocrx_word' id='word_1_203' title='bbox 662 2738 712 2805; x_wconf 92' lang='grc' dir='ltr'><strong><em>δέ·</em></strong></span> <span class='ocrx_word' id='word_1_204' title='bbox 741 2745 818 2805; x_wconf 78' lang='grc' dir='ltr'><strong><em>ἴσον</em></strong></span> <span class='ocrx_word' id='word_1_205' title='bbox 840 2735 907 2823; x_wconf 77' lang='grc' dir='ltr'><strong><em>ἄρα</em></strong></span> <span class='ocrx_word' id='word_1_206' title='bbox 930 2738 1000 2805; x_wconf 80' lang='grc' dir='ltr'><strong><em>ἐστὶ</em></strong></span> <span class='ocrx_word' id='word_1_207' title='bbox 1022 2736 1062 2807; x_wconf 86' lang='grc' dir='ltr'><strong><em>τὸ</em></strong></span> <span class='ocrx_word' id='word_1_208' title='bbox 1086 2748 1123 2806; x_wconf 88' lang='lat' dir='ltr'><em>A</em></span> 
     </span>
     <span class='ocr_line' id='line_1_25' title="bbox 107 2848 211 2938; baseline 0 -26"><span class='ocrx_word' id='word_1_209' title='bbox 107 2848 153 2938; x_wconf 77' lang='grc' dir='ltr'><strong><em>τῷ</em></strong></span> <span class='ocrx_word' id='word_1_210' title='bbox 172 2852 211 2913; x_wconf 92' lang='grc' dir='ltr'><strong><em>Β.</em></strong></span> 
     </span>
    </p>

    <p class='ocr_par' dir='ltr' id='par_1_9' title="bbox 55 2946 1124 3251">
     <span class='ocr_line' id='line_1_26' title="bbox 55 2946 1124 3038; baseline 0.004 -22"><span class='ocrx_word' id='word_1_211' title='bbox 55 2958 88 3008; x_wconf 76' lang='lat'><strong><em>2⁵</em></strong></span> <span class='ocrx_word' id='word_1_212' title='bbox 179 2947 226 3017; x_wconf 82' lang='grc' dir='ltr'><strong><em>Τὰ</em></strong></span> <span class='ocrx_word' id='word_1_213' title='bbox 255 2946 321 3034; x_wconf 75' lang='grc' dir='ltr'><strong><em>ἄρα</em></strong></span> <span class='ocrx_word' id='word_1_214' title='bbox 348 2946 431 3036; x_wconf 84' lang='grc' dir='ltr'><strong><em>πρὸς</em></strong></span> <span class='ocrx_word' id='word_1_215' title='bbox 457 2947 495 3018; x_wconf 88' lang='grc' dir='ltr'><strong><em>τὸ</em></strong></span> <span class='ocrx_word' id='word_1_216' title='bbox 525 2947 607 3018; x_wconf 80' lang='grc' dir='ltr'><strong><em>αὐτὸ</em></strong></span> <span class='ocrx_word' id='word_1_217' title='bbox 635 2947 695 3018; x_wconf 89' lang='grc' dir='ltr'><strong><em>τὸν</em></strong></span> <span class='ocrx_word' id='word_1_218' title='bbox 723 2949 829 3018; x_wconf 83' lang='grc' dir='ltr'><strong><em>αὐτὸν</em></strong></span> <span class='ocrx_word' id='word_1_219' title='bbox 862 2955 980 3038; x_wconf 82' lang='grc' dir='ltr'><strong><em>ἔχοντα</em></strong></span> <span class='ocrx_word' id='word_1_220' title='bbox 1013 2950 1124 3037; x_wconf 79' lang='grc' dir='ltr'><strong><em>λόγον</em></strong></span> 
     </span>
     <span class='ocr_line' id='line_1_27' title="bbox 108 3053 1121 3144; baseline 0.002 -20"><span class='ocrx_word' id='word_1_221' title='bbox 108 3065 164 3124; x_wconf 78' lang='grc' dir='ltr'><strong><em>ἴσα</em></strong></span> <span class='ocrx_word' id='word_1_222' title='bbox 192 3054 350 3142; x_wconf 76' lang='grc' dir='ltr'><strong><em>ἀλλήλοις</em></strong></span> <span class='ocrx_word' id='word_1_223' title='bbox 376 3057 480 3124; x_wconf 77' lang='grc' dir='ltr'><strong><em>ἐστίν·</em></strong></span> <span class='ocrx_word' id='word_1_224' title='bbox 508 3056 564 3125; x_wconf 84' lang='grc' dir='ltr'><strong><em>καὶ</em></strong></span> <span class='ocrx_word' id='word_1_225' title='bbox 591 3054 674 3144; x_wconf 79' lang='grc' dir='ltr'><strong><em>πρὸς</em></strong></span> <span class='ocrx_word' id='word_1_226' title='bbox 701 3053 723 3124; x_wconf 72' lang='grc' dir='ltr'><strong><em>δι’</em></strong></span> <span class='ocrx_word' id='word_1_227' title='bbox 750 3055 789 3124; x_wconf 86' lang='grc' dir='ltr'><strong><em>τὸ</em></strong></span> <span class='ocrx_word' id='word_1_228' title='bbox 807 3055 900 3126; x_wconf 44' lang='grc' dir='ltr'><strong><em>ἀὐτὸ</em></strong></span> <span class='ocrx_word' id='word_1_229' title='bbox 925 3055 986 3125; x_wconf 90' lang='grc' dir='ltr'><strong><em>τὸν</em></strong></span> <span class='ocrx_word' id='word_1_230' title='bbox 1011 3055 1121 3126; x_wconf 80' lang='grc' dir='ltr'><strong><em>αὐτὸν</em></strong></span> 
     </span>
     <span class='ocr_line' id='line_1_28' title="bbox 108 3161 991 3251; baseline 0 -21"><span class='ocrx_word' id='word_1_231' title='bbox 108 3168 172 3249; x_wconf 80' lang='grc' dir='ltr'><strong><em>ἔχει</em></strong></span> <span class='ocrx_word' id='word_1_232' title='bbox 197 3161 315 3247; x_wconf 77' lang='grc' dir='ltr'><strong><em>λόγον,</em></strong></span> <span class='ocrx_word' id='word_1_233' title='bbox 340 3164 451 3232; x_wconf 80' lang='grc' dir='ltr'><strong><em>ἐκεῖνα</em></strong></span> <span class='ocrx_word' id='word_1_234' title='bbox 474 3171 530 3231; x_wconf 71' lang='grc' dir='ltr'><strong><em>ἴσα</em></strong></span> <span class='ocrx_word' id='word_1_235' title='bbox 554 3165 657 3233; x_wconf 82' lang='grc' dir='ltr'><strong><em>ἐστίν·</em></strong></span> <span class='ocrx_word' id='word_1_236' title='bbox 681 3163 762 3251; x_wconf 86' lang='grc' dir='ltr'><strong><em>ὅπερ</em></strong></span> <span class='ocrx_word' id='word_1_237' title='bbox 786 3168 853 3232; x_wconf 86' lang='grc' dir='ltr'><strong><em>έδει</em></strong></span> <span class='ocrx_word' id='word_1_238' title='bbox 877 3165 991 3245; x_wconf 83' lang='grc' dir='ltr'><strong><em>δεῖξαι.</em></strong></span> 
     </span>
    </p>

    <p class='ocr_par' dir='ltr' id='par_1_10' title="bbox 181 3335 1126 3412">
     <span class='ocr_line' id='line_1_29' title="bbox 181 3335 1126 3412; baseline 0.004 -19"><span class='ocrx_word' id='word_1_239' title='bbox 181 3346 204 3394; x_wconf 90' lang='grc'><strong><em>1.</em></strong></span> <span class='ocrx_word' id='word_1_240' title='bbox 224 3335 276 3395; x_wconf 78' lang='grc' dir='ltr'><strong><em>οῶα</em></strong></span> <span class='ocrx_word' id='word_1_241' title='bbox 301 3337 376 3395; x_wconf 78' lang='grc' dir='ltr'><strong><em>ἐστιν</em></strong></span> <span class='ocrx_word' id='word_1_242' title='bbox 402 3337 532 3412; x_wconf 76' lang='grc' dir='ltr'><strong><em>ἔλασσον]</em></strong></span> <span class='ocrx_word' id='word_1_243' title='bbox 561 3337 599 3411; x_wconf 76' lang='grc' dir='ltr'><strong><em>μὴ</em></strong></span> <span class='ocrx_word' id='word_1_244' title='bbox 625 3339 742 3396; x_wconf 76' lang='grc' dir='ltr'><strong><em>ἔλασσον</em></strong></span> <span class='ocrx_word' id='word_1_245' title='bbox 766 3337 841 3396; x_wconf 82' lang='grc' dir='ltr'><strong><em>εἶναι</em></strong></span> <span class='ocrx_word' id='word_1_246' title='bbox 859 3340 888 3398; x_wconf 92' lang='grc' dir='ltr'><strong><em>Ρ.</em></strong></span> <span class='ocrx_word' id='word_1_247' title='bbox 927 3339 1043 3396; x_wconf 77' lang='grc' dir='ltr'><strong><em>ἔλαττον</em></strong></span> <span class='ocrx_word' id='word_1_248' title='bbox 1062 3342 1126 3412; x_wconf 66' lang='lat' dir='ltr'><strong><em>Pp:</em></strong></span> 
     </span>
    </p>
   </div>
   <div class='ocr_carea' id='block_1_4' title="bbox 100 3407 1121 3556">
    <p class='ocr_par' dir='ltr' id='par_1_11' title="bbox 100 3407 1121 3556">
     <span class='ocr_line' id='line_1_30' title="bbox 143 3407 1117 3484; baseline 0.002 -18"><span class='ocrx_word' id='word_1_249' title='bbox 143 3417 168 3466; x_wconf 70' lang='grc' dir='ltr'><strong><em>Β.</em></strong></span> <span class='ocrx_word' id='word_1_250' title='bbox 187 3411 254 3483; x_wconf 85' lang='grc' dir='ltr'><strong><em>τῶν]</em></strong></span> <span class='ocrx_word' id='word_1_251' title='bbox 274 3411 324 3467; x_wconf 80' lang='grc' dir='ltr'><strong><em>τοῦ</em></strong></span> <span class='ocrx_word' id='word_1_252' title='bbox 345 3410 399 3481; x_wconf 91' lang='lat' dir='ltr'><strong><em>Bp.</em></strong></span> <span class='ocrx_word' id='word_1_253' title='bbox 473 3419 498 3466; x_wconf 82' lang='lat'><strong><em>3.</em></strong></span> <span class='ocrx_word' id='word_1_254' title='bbox 517 3410 661 3467; x_wconf 84' lang='grc' dir='ltr'><strong><em>τουτέστιν</em></strong></span> <span class='ocrx_word' id='word_1_255' title='bbox 680 3411 709 3468; x_wconf 87' lang='lat' dir='ltr'><strong><em>P.</em></strong></span> <span class='ocrx_word' id='word_1_256' title='bbox 784 3407 835 3481; x_wconf 77' lang='grc' dir='ltr'><strong><em>οῶχ</em></strong></span> <span class='ocrx_word' id='word_1_257' title='bbox 853 3408 1000 3484; x_wconf 74' lang='grc' dir='ltr'><strong><em>ὑπερέχει]</em></strong></span> <span class='ocrx_word' id='word_1_258' title='bbox 1014 3408 1117 3482; x_wconf 77' lang='grc' dir='ltr'><strong><em>δπερέ-</em></strong></span> 
     </span>
     <span class='ocr_line' id='line_1_31' title="bbox 100 3476 1121 3556; baseline 0.002 -19"><span class='ocrx_word' id='word_1_259' title='bbox 100 3500 151 3549; x_wconf 79' lang='grc' dir='ltr'><strong><em>χει</em></strong></span> <span class='ocrx_word' id='word_1_260' title='bbox 176 3478 310 3553; x_wconf 74' lang='grc' dir='ltr'><strong><em>οὐδαμῶς</em></strong></span> <span class='ocrx_word' id='word_1_261' title='bbox 328 3481 364 3537; x_wconf 91' lang='lat' dir='ltr'><strong><em>V.</em></strong></span> <span class='ocrx_word' id='word_1_262' title='bbox 445 3488 470 3535; x_wconf 88' lang='grc'><strong><em>4.</em></strong></span> <span class='ocrx_word' id='word_1_263' title='bbox 491 3476 645 3553; x_wconf 72' lang='grc' dir='ltr'><strong><em>ἐπειδήπερ</em></strong></span> <span class='ocrx_word' id='word_1_264' title='bbox 665 3514 696 3523; x_wconf 96' lang='grc'>-</span> <span class='ocrx_word' id='word_1_265' title='bbox 718 3480 893 3556; x_wconf 76' lang='grc' dir='ltr'><strong><em>δεδπερέχει]</em></strong></span> <span class='ocrx_word' id='word_1_266' title='bbox 916 3500 973 3553; x_wconf 82' lang='lat' dir='ltr'><strong><em>mg.</em></strong></span> <span class='ocrx_word' id='word_1_267' title='bbox 992 3502 1031 3539; x_wconf 89' lang='lat' dir='ltr'><strong><em>m.</em></strong></span> <span class='ocrx_word' id='word_1_268' title='bbox 1053 3492 1066 3539; x_wconf 95' lang='lat'>1</span> <span class='ocrx_word' id='word_1_269' title='bbox 1085 3485 1121 3540; x_wconf 75' lang='grc' dir='ltr'><strong><em>Β.</em></strong></span> 
     </span>
    </p>
   </div>
   <div class='ocr_carea' id='block_1_5' title="bbox 0 0 1179 3818">
    <p class='ocr_par' dir='ltr' id='par_1_12' title="bbox 0 0 1179 3818">
     <span class='ocr_line' id='line_1_32' title="bbox 0 0 1179 3818; baseline 0 0"><span class='ocrx_word' id='word_1_270' title='bbox 0 0 1179 3818; x_wconf 95' lang='lat' dir='ltr'><strong><em> </em></strong></span> 
     </span>
    </p>
   </div>
  </div>
 </body>
</html>
