2348 3818
358 111 635 163 mammonam
651 111 761 162 LIBER
779 111 812 163 X.
1076 108 1097 172 9

76 259 154 340 ΓΖ,
177 259 239 321 ΓΖ
268 258 377 320 autem
400 257 474 319 ΒΗ
496 255 634 318 metiens
662 275 697 318 se
723 253 796 337 ipsa
824 253 982 317 minorem
1005 253 1099 316 relin-

80 365 162 447 quat
174 368 207 426 A
211 364 256 444 H,
275 364 310 425 et
326 361 389 424 boe
408 380 536 444 semper
553 360 622 443 fiat,
641 359 742 424 donee
761 359 962 444 relinquatur
976 360 1099 444 magni·

79 468 159 533 tudo
174 468 281 532 minor
295 466 520 551 magnitudine
534 470 573 532 E.
595 467 656 531 fiat
670 471 704 530 et
716 465 918 549 relinquatur
932 472 964 530 A
969 470 1009 531 H
1016 477 1050 538 <
1061 471 1099 530 Ε.

85 575 152 640 iarn
181 573 338 658 quoniam
369 577 402 637 E
430 571 688 657 magnitudinem
713 576 778 636 AB
805 573 940 637 metitur
968 575 1004 636 'et
1032 576 1098 636 AB

77 679 341 765 magnitudinem
356 683 391 742 Δ
395 682 432 761 Ζ,
447 678 548 743 etiam
563 683 594 742 E
607 677 861 762 magnitudinem
877 682 945 741 ΖΔ
957 679 1098 743 metitur.

74 809 194 852 uerum
225 786 326 850 etiam
355 788 461 849 totam
490 786 559 848 ΓΔ
584 785 726 848 metitur.
762 785 874 867 itaque
902 783 999 848 etiam
1027 783 1099 847 reli·

79 915 182 979 quam
216 890 475 976 magnitudinem
504 892 570 955 ΓΖ
592 891 754 955 metietur.
797 889 852 954 sed
880 892 942 953 ΓΖ
973 889 1099 973 magni·

78 999 230 1064 tudinem
255 1000 330 1062 BH
354 997 497 1062 metitur.
538 1017 637 1079 quare
662 997 760 1061 etiam
784 1000 816 1059 E
841 995 1099 1080 magnitudinem

78 1108 156 1169 BH
176 1104 319 1168 metitur.
351 1124 465 1167 uerum
488 1103 586 1166 etiam
610 1106 714 1167 totam
738 1107 803 1167 AB
826 1102 968 1166 metitur.
1000 1123 1099 1186 quare

76 1210 183 1276 etiam
212 1210 369 1292 reliquam
397 1212 475 1272 ΑΗ
497 1208 664 1290 metietur,
693 1208 798 1273 maior
820 1208 992 1291 minorem3
1015 1207 1099 1292 quod

77 1315 153 1378 fieri
174 1337 241 1379 non
263 1319 383 1399 potest
416 1315 528 1399 itaque
552 1314 793 1398 magnitudines
817 1319 896 1397 AB,
920 1317 987 1378 ΓΛ
1008 1315 1100 1378 nulla

80 1420 274 1506 magnitudo
297 1421 459 1485 metietur.
496 1441 573 1505 ergo
596 1421 837 1505 magnitudines
860 1425 940 1499 AB,
963 1418 1029 1484 ΓΛ
1052 1421 1098 1484 in·

78 1526 391 1592 commensurabiles
414 1530 509 1591 erunt
533 1526 608 1606 [def.
632 1528 676 1606 1].
767 1506 774 1517 ⁸

147 1631 238 1716 Ergo
273 1633 301 1695 si
333 1654 371 1696 ex
404 1631 529 1697 duabus
553 1629 836 1714 *magnitudinibus
864 1631 1099 1714 inaequalibus,

78 1741 113 1802 et
138 1759 222 1821 quae
247 1740 387 1822 sequunt
427 1787 434 1802 .

560 1929 620 1997 III.

150 2052 246 2118 Datis
280 2053 405 2119 duabus
438 2053 718 2138 magnitudinibus
752 2054 1099 2121 commensurabilibus

78 2159 261 2226 maximam
285 2181 396 2224 earum
420 2182 606 2225 mensuram
631 2162 835 2224 communem
859 2159 1012 2227 inuenire.

152 2264 225 2331 Sint
240 2266 323 2330 duae
343 2266 583 2350 magnitudines
599 2265 693 2330 datae
709 2266 1013 2332 commensurabiles
1024 2273 1099 2354 AB,

77 2375 165 2455 ΓΔ,
194 2393 330 2455 quarum
359 2372 465 2435 minor
492 2372 536 2436 sit
559 2376 634 2435 AB.
663 2375 793 2455 oportet
815 2372 916 2455 igitur
938 2375 1099 2458 magnitu-

77 2479 195 2542 dinum
218 2482 292 2562 AB,
321 2481 387 2542 ΓΔ
414 2477 591 2542 maximam
616 2499 802 2542 mensuram
828 2499 1030 2544 communem
1054 2482 1099 2544 in-

74 2584 203 2650 uenire.

150 2688 237 2753 Nam
257 2688 447 2773 magnitudo
463 2693 529 2752 AB
543 2688 801 2773 magnitudinem
815 2693 879 2754 ΓΛ
894 2694 950 2754 aut
968 2695 1099 2757 metitur

77 2798 231 2861 autnon
254 2794 397 2861 metitur.
431 2794 496 2858 iam
522 2795 549 2858 si
573 2795 715 2879 metitur,
739 2798 771 2859 et
791 2796 949 2880 seipsam
973 2819 1099 2882 quoque

77 3061 171 3112 μετρα
191 3039 300 3109 μεγέθη
320 3040 354 3096 V.
420 3045 460 3094 18.
482 3037 597 3093 ἔλαττον
615 3039 645 3096 F.
711 3045 752 3094 20.
773 3039 908 3132 μέγεθος]
929 3059 982 3096 om.
1002 3042 1100 3098 Theon

77 3110 221 3181 (BFVb).
294 3106 357 3178 ἤτοι
395 3129 432 3164 m.
451 3126 505 3165 reo.
524 3109 554 3163 P.
628 3117 671 3165 21.
690 3111 759 3165 Post
782 3131 834 3166 ουν
858 3111 922 3165 add.
942 3109 973 3166 τὸ
993 3117 1043 3166 ΑΒ
1066 3111 1098 3168 τὸ

76 3187 136 3238 ΓΔ
155 3181 189 3236 V.
264 3188 361 3251 μετρεῖ
394 3181 489 3252 (prius)
511 3199 594 3251 supra
612 3200 649 3235 m.
670 3188 684 3235 1
704 3181 735 3236 B.
797 3178 868 3237 αὑτό
887 3183 918 3252 Β,
938 3200 1006 3238 corr.
1022 3202 1058 3237 m.
1074 3191 1098 3237 2.

114 3257 173 3306 τῶν
193 3257 251 3320 ΑΒ,
272 3252 333 3323 ΓΔ]
353 3269 407 3307 om.
426 3252 460 3308 V.
