2348 3818
97 129 164 194 30ss
476 126 679 179 Σαοῑαααια
696 123 736 193 η’.

160 267 196 336 ‘0
209 268 273 356 γάρ
288 275 321 337 Γ
331 267 451 336 ἑαυτὸν
465 266 528 354 μὲν
540 266 833 345 πολλαπλασιάσας
845 262 907 332 τὸν
922 271 955 331 Ε
965 267 1109 347 ποιείτω,

98 374 158 444 τὸν
173 375 211 443 δὲ
226 383 259 442 A
272 372 564 452 πολλαπλασιάσας
578 371 638 441 τὸν
653 381 680 440 Ζ
694 379 839 456 ποιείτω,
854 368 872 439 6
887 369 927 438 δὲ
941 376 976 437 A
991 366 1110 437 ἑαυτὸν

98 480 391 561 πολλαπλασιάσας
408 479 468 549 τὸν
487 487 527 547 Η
539 486 685 565 ποιείτω,
704 479 857 566 ἑκάτερος
876 476 914 544 δὲ
935 480 1007 544 τοῖν
1027 482 1066 560 Γ,
1082 482 1111 542 A

98 586 159 655 τὸν
188 595 215 654 Ζ
242 586 536 666 πολλαπλασιάσας
568 585 727 674 ἑκάτερον
748 595 817 653 τῶν
844 590 888 669 Θ,
907 589 942 650 Κ
967 586 1112 649 ποιείτω.

64 708 80 755 ο
167 692 235 759 Καὶ
263 693 333 761 ἐπεὶ
361 692 463 779 κύβος
491 693 581 760 ἐστὶν
610 688 628 758 6
656 700 703 776 A,
735 685 862 777 πλευρὰ
892 686 931 755 66
957 683 1067 755 αὐτοῦ
1094 683 1112 754 6

100 803 138 884 Γ,
160 799 215 865 καὶ
240 796 257 867 6
283 806 316 868 Γ
334 798 454 867 ἑαυτὸν
477 796 768 876 πολλαπλασιάσας
785 794 845 862 τὸν
869 800 901 862 Ε
920 797 1113 879 πεποίηκεν,

100 901 118 972 6
141 911 173 972 Γ
193 903 259 988 άοα
283 903 403 973 ἑαυτὸν
426 903 487 991 μὲν
510 901 805 980 πολλαπλασιάσας
832 897 892 967 τὸν
917 906 949 966 Ε
974 905 1113 985 πεποίη-

98 1036 173 1096 κεν,
210 1009 271 1078 τὸν
308 1009 346 1077 δὲ
377 1017 409 1076 Ε
437 1007 731 1088 πολλαπλασιάσας
765 1004 826 1074 τὸν
858 1014 890 1073 A
920 1009 1112 1090 πεποίηκεν.

101 1115 157 1183 διὰ
180 1114 221 1183 τὰ
245 1112 329 1183 αὐτὰ
354 1114 396 1200 δὴ
420 1115 475 1182 καὶ
498 1111 517 1181 6
541 1121 575 1180 A
598 1112 720 1181 ἑαυτὸν
739 1112 800 1199 μὲν
818 1109 1114 1189 πολλαπλασιάσας

49 1239 81 1288 10
100 1225 160 1289 σὸν
184 1228 224 1289 Η
240 1227 435 1306 πεποίηκεν,
462 1218 522 1288 τὸν
550 1219 588 1286 δὲ
615 1227 655 1286 Η
677 1217 971 1296 πολλαπλασιάσας
998 1215 1061 1285 τὸν
1084 1222 1112 1282 Β

57 1415 60 1420 ¹
99 1332 288 1412 πεποίηκεν.
332 1325 388 1392 καὶ
412 1325 481 1393 ἐπεὶ
505 1323 522 1393 6
547 1331 579 1393 Γ
598 1324 756 1412 ἑκάτερον
783 1328 851 1393 τάν
874 1329 917 1409 Γ,
937 1332 971 1390 A
994 1331 1114 1392 πολλα-

100 1431 286 1511 πλασιάσας
313 1430 471 1518 ἑκάτερον
500 1435 569 1500 τῶν
600 1439 640 1516 Ε,
660 1439 687 1498 Ζ
709 1424 903 1518 πεποίηκέν,
932 1434 1025 1498 ἔστιν
1048 1428 1114 1516 άρα

102 1535 146 1616 ὡς
174 1533 191 1604 6
221 1542 254 1604 Γ
275 1534 357 1624 πρὸς
383 1536 443 1605 τὸν
467 1546 516 1623 A,
545 1536 652 1617 οὕτως
681 1535 698 1605 6
724 1545 755 1604 E
775 1536 859 1624 πρὸς
885 1535 946 1603 τὸν
970 1542 1007 1603 Ζ.
1055 1534 1112 1603 διὰ

100 1642 141 1708 τά
171 1640 256 1710 αὐτά
289 1641 330 1729 δὴ
359 1644 414 1710 καὶ
442 1641 488 1723 ὡς
515 1641 533 1711 6
561 1649 594 1711 Γ
621 1643 705 1729 πρὸς
731 1643 793 1712 τὸν
821 1653 869 1728 A,
902 1638 1010 1720 οὕτως
1038 1638 1057 1709 6
1089 1647 1115 1706 Z

51 1779 82 1827 15
99 1746 183 1835 πρὸς
210 1747 272 1816 τὸν
300 1754 343 1815 Η.
387 1748 506 1834 πάλιν,
535 1748 603 1816 ἐπεὶ
632 1747 649 1817 6
678 1754 711 1816 Γ
734 1748 892 1835 ἑκάτερον
919 1751 987 1815 τάν
1016 1755 1062 1833 Ε,
1088 1754 1115 1813 Ζ

101 1853 399 1933 πολλαπλασιάσας.
416 1853 574 1937 ἑκάτερον
597 1857 664 1922 τῶν
688 1862 734 1939 A,
753 1862 782 1922 Θ
804 1859 998 1938 πεποίηκεν,
1023 1859 1115 1921 ἔστιν

102 1958 168 2046 ἄρα
196 1956 241 2037 ὡς
271 1957 288 2027 6
319 1967 351 2026 Ε
375 1958 458 2047 πρὸς
484 1959 546 2027 τὸν
575 1967 618 2045 Ζ,
648 1961 753 2038 οὕτως
782 1957 799 2027 6
828 1969 860 2026 A
887 1959 970 2046 πρὸς
992 1958 1054 2028 τὸν
1079 1968 1115 2027 Θ.

103 2063 148 2143 ὦς
180 2064 217 2131 δὲ
249 2062 267 2130 6
301 2071 333 2130 E
358 2062 441 2151 πρὸς
468 2063 528 2132 τὸν
556 2072 600 2150 Ζ,
634 2062 739 2144 οὕτως
767 2062 784 2132 6
813 2071 845 2131 Γ
868 2064 951 2152 πρὸς
977 2064 1039 2133 τὸν
1068 2075 1115 2132 A·

101 2170 157 2238 καὶ
186 2167 230 2247 ὡς
257 2170 323 2256 άρα
347 2168 364 2237 6
388 2177 420 2238 Γ
438 2170 522 2255 πρὸς
544 2169 605 2238 τὸν
630 2180 678 2257 A,
708 2172 813 2250 οὕτως
842 2169 859 2239 6
885 2179 917 2238 A
942 2172 1027 2258 πρὸς
1054 2170 1116 2240 τὸν

51 2308 84 2355 20
105 2284 140 2344 Θ.
186 2273 304 2359 πάλιν,
329 2277 397 2343 ἐπεὶ
416 2276 570 2362 ἑκάτερος
592 2282 661 2344 τῶν
685 2284 722 2363 Γ,
743 2286 775 2343 A
797 2277 858 2345 τὸν
883 2284 910 2343 Ζ
928 2284 1117 2346 πολλαπλα-

103 2381 221 2459 σιάσας
249 2380 407 2468 ἑκάτερον
434 2387 503 2451 τῶν
526 2391 569 2468 Θ,
588 2390 622 2449 Κ
643 2390 837 2470 πεποίηκεν,
865 2390 956 2451 ἔστιν
980 2382 1048 2472 ἄρα
1071 2381 1116 2463 άς

103 2486 121 2557 6
151 2495 184 2557 Γ
211 2486 294 2574 πρὸς
319 2488 380 2557 τὸν
410 2499 457 2575 A,
490 2489 596 2570 οὕτως
624 2487 642 2557 ὁ
667 2497 696 2556 Θ
722 2489 804 2578 πρὸς
831 2489 892 2558 τὸν
914 2496 956 2559 Κ.
1000 2489 1117 2574 πάλιν,

104 2595 172 2662 ἐπεὶ
196 2591 213 2661 6
239 2603 273 2661 A
297 2594 454 2682 ἑκάτερον
476 2600 545 2662 τῶν
569 2603 613 2679 Ζ,
633 2603 672 2662 H
690 2594 985 2675 πολλαπλασιάσας
1007 2595 1118 2663 ἑκάτε-

104 2729 165 2789 ρον
196 2704 265 2769 τῶν
292 2707 341 2786 Κ,
364 2709 392 2768 Β
420 2706 615 2786 πεποίηκεν,
645 2705 735 2768 ἔστιν
764 2700 829 2788 άρα
858 2701 902 2782 ὡς
930 2699 948 2770 6
979 2710 1006 2768 Z
1034 2701 1119 2790 πρὸς

49 2836 83 2883 25
103 2806 163 2875 τὸν
191 2814 240 2891 Η,
273 2804 379 2885 οὕτως
407 2804 424 2874 6
453 2813 488 2873 K
513 2805 596 2894 πρὸς
623 2806 686 2874 τὸν
713 2815 751 2874 Β.
797 2805 842 2888 ὡς
869 2807 907 2875 δὲ
940 2807 955 2874 ἑ
983 2806 1120 2895 Ζπρὸς

103 2911 164 2980 τὸν
188 2919 235 2999 Η,
259 2910 365 2992 οὕτως
383 2909 401 2979 6
427 2918 459 2980 Γ
473 2916 557 2999 πρὸς
575 2912 637 2980 τὸν
657 2922 690 2980 A
696 2934 702 2945 ·
726 2913 781 2980 καλ
801 2911 845 2993 ὡς
864 2912 930 2999 άρα
949 2910 967 2981 6
988 2920 1021 2982 Γ
1035 2912 1120 3002 πρὸς

103 3018 164 3085 τὸν
189 3025 236 3102 A,
263 3015 368 3097 οὕτως
391 3016 410 3086 6‘
433 3045 467 3085 τε
489 3028 522 3085 Α
544 3018 628 3103 πρὸς
651 3017 711 3086 τὸν
735 3026 764 3085 Θ
786 3019 842 3085 καὶ
866 3016 884 3086 6
909 3018 1040 3106 Θπρὸς
1058 3019 1118 3087 τὸν

105 3131 139 3190 Κ
165 3123 220 3189 ιιαὶ
248 3119 266 3190 6
295 3129 330 3188 K
354 3123 437 3212 πρὸς
458 3123 521 3192 τὸν
544 3132 581 3192 Β.
623 3128 692 3192 τῶν
715 3132 810 3210 Α,Β
839 3127 905 3212 ἄρα
934 3124 997 3193 δύο
1021 3127 1118 3211 μέσοι

105 3227 277 3314 ἀνάλογόν
301 3234 386 3296 εἰσιν
411 3233 445 3297 σι’
465 3239 508 3315 Θ,
528 3238 569 3298 Κ.

175 3378 200 3425 4.
222 3372 258 3442 Ζ]
279 3388 348 3426 eras.
368 3372 400 3425 V.
456 3379 479 3426 6.
500 3375 636 3440 πεποίηκε
656 3373 717 3440 Vm.
774 3379 798 3429 7.
817 3374 954 3441 πεποίηκε
974 3371 1037 3440 Vq).
1092 3378 1116 3426 8.

104 3445 241 3512 πεποίηκε
262 3442 321 3511 Vq).
388 3448 428 3495 10.
448 3445 585 3512 πεποίηκε
605 3445 666 3513 Vq).
730 3449 771 3498 11.
790 3446 927 3512 πεποίηκε
949 3442 1009 3511 Vm.
1075 3450 1116 3497 17.
