2348 3818
361 121 636 173 amamuroauu
653 122 763 172 amau
780 122 812 174 x.
1053 120 1094 182 11

357 264 457 367 1—H-e
585 265 978 368 Ar-i—r-r—-rss

196 494 222 543 Γ
227 439 945 546 ffl-Pr——rffl———r
954 495 980 544 Δ

80 652 222 735 metitur,
250 656 315 717 AB
345 655 607 738 magnitudinum
636 659 714 739 AB,
743 658 807 719 ΓΔ
834 655 1014 720 eommunis
1045 658 1095 719 est

77 780 240 824 mensura.
264 763 297 822 et
312 760 454 844 adparet,
472 762 606 825 eandem
622 761 796 826 maximam
816 782 895 843 esse3
913 783 989 825 nam
1007 781 1095 845 mag-

77 864 194 929 nitudo
218 865 440 950 magnitudine
464 871 528 931 AB
552 868 657 932 maior
680 871 745 931 AB
768 888 836 931 non
859 867 1018 932 metietur.

145 971 258 1055 itaque
281 992 323 1036 ne
346 973 500 1037 metiatur
519 977 584 1036 AB
604 973 861 1058 magnitudinem
879 974 950 1038 ΓΛ.
984 974 1016 1036 et
1035 973 1094 1037 mi·

77 1099 158 1141 nore
192 1099 320 1162 semper
351 1078 497 1143 uicissim
528 1102 548 1144 a
580 1081 701 1144 maiore
734 1078 902 1144 subtracta
934 1079 1095 1162 reliquum

79 1183 256 1267 aliquando
280 1185 538 1270 magnitudinem
561 1187 806 1270 praecedentem
833 1185 993 1269 metietur,
1019 1184 1094 1269 quia

77 1295 111 1354 A
117 1294 159 1372 B,
172 1293 245 1361 ΓΔ
271 1290 613 1357 incommensurabiles
640 1314 707 1357 non
734 1296 809 1357 sunt
833 1292 901 1372 [cfr.
925 1314 1015 1376 prop.
1039 1287 1096 1373 II].

79 1399 113 1461 et
137 1401 203 1460 AB
227 1396 486 1482 magnitudinem
510 1403 579 1462 EA
607 1398 744 1462 metiens
774 1419 807 1461 se
835 1398 907 1481 ipsa
935 1399 1095 1463 minorem

78 1503 244 1586 relinquat
258 1506 329 1588 EF,
347 1506 415 1568 ΕΓ
427 1507 536 1568 autem
552 1508 613 1567 ΖΒ
633 1504 771 1568 metiens
792 1525 825 1568 se
844 1504 916 1588 ipsa
935 1505 1094 1569 minorem

79 1609 243 1693 relinquat
258 1616 290 1674 A
295 1614 331 1687 Z,
350 1612 383 1674 et
401 1617 433 1675 A
439 1616 465 1675 Z
485 1609 745 1696 magnitudinem
763 1612 824 1673 ΓΕ
840 1610 1003 1673 metiatur.
1029 1609 1094 1675 iam

80 1717 235 1799 quoniam
248 1720 282 1779 A
286 1721 314 1781 Z
328 1717 588 1802 magnitudinem
599 1718 659 1780 ΓΕ
671 1716 815 1799 metitur,
829 1717 889 1779 ΓΕ
901 1718 1009 1780 autem
1025 1720 1095 1794 ΖΒ,

80 1823 181 1886 etiam
204 1826 237 1885 A
244 1826 272 1886 Z
294 1823 552 1908 magnitudinem
577 1827 637 1887 ΖΒ
664 1821 823 1887 metietur.
856 1842 969 1886 uerum
996 1822 1095 1887 etiam

80 1950 115 1992 se
133 1929 241 2013 ipsam
260 1929 401 1996 metitur.
426 1952 524 2014 quare
544 1931 641 1995 etiam
656 1933 760 1996 totam
774 1932 841 1993 AB
856 1928 1009 1993 metietur
1021 1934 1094 1996 ΑΖ.

81 2036 137 2098 sed
158 2040 223 2132 ΑΕ
247 2036 508 2120 magnitudinem
528 2040 594 2100 ΛΕ
615 2038 756 2100 metitur.
779 2037 889 2119 itaque
913 2036 1011 2100 etiam
1030 2043 1062 2101 A
1068 2041 1094 2100 Z

81 2143 342 2226 magnitudinem
361 2147 424 2206 EA
444 2142 603 2207 metietur.
627 2165 740 2207 uerum
759 2143 856 2206 etiam
876 2143 935 2205 ΓΕ
952 2144 1094 2207 metitur.

80 2270 181 2332 quare
208 2249 306 2313 etiam
330 2252 435 2312 totam
458 2252 521 2313 ΓΛ
544 2249 684 2315 metitur.
712 2249 822 2332 itaque
847 2253 878 2311 A
885 2252 912 2311 Z
934 2249 1095 2334 magnitu-

80 2353 192 2418 dinum
221 2357 301 2436 AB,
328 2357 395 2418 ΓΔ
425 2355 604 2419 eommunis
638 2359 688 2418 est
719 2376 878 2419 mensura.
915 2355 980 2419 iam
1013 2356 1095 2439 dieu,

82 2461 217 2523 eandem
237 2461 411 2525 maximam
431 2483 510 2525 esse.
538 2483 614 2524 nam
635 2461 801 2545 siminus,
824 2461 1014 2544 magnitudo
1034 2461 1095 2525 erit

81 2567 188 2631 maior
210 2567 433 2650 magnitudine
457 2572 534 2650 AZ,
584 2589 645 2632 uae
669 2573 700 2630 A
707 2572 734 2631 B
739 2617 748 2650 ‚
770 2571 833 2632 ΓΔ
856 2568 1018 2631 metiatur.
1051 2567 1094 2630 sit

80 2675 128 2736 H.
151 2674 219 2736 iam
238 2674 391 2755 quoniam
410 2678 450 2736 H
463 2674 718 2758 magnitudinem
741 2677 801 2737 AB
820 2674 963 2754 metitur,
982 2677 1015 2737 et
1033 2677 1094 2736 AB

80 2779 341 2862 magnitudinem
372 2784 440 2843 EA
470 2780 615 2861 metitur,
646 2778 745 2843 etiam
773 2782 811 2842 H
837 2778 1094 2862 magnitudinem

80 2889 151 2948 ΕΔ
175 2885 336 2950 metietur.
359 2908 473 2950 uerum
497 2887 595 2949 etiam
618 2888 724 2948 totam
742 2886 804 2948 ΓΛ
823 2885 962 2950 metitur.
995 2908 1094 2969 quaro

78 2992 179 3056 etiam
204 2992 363 3075 reliquam
380 2995 441 3056 ΓΕ
460 2992 593 3056 metitur
615 2993 659 3054 H.
682 2989 739 3054 sed
757 2993 817 3054 ΓΕ
838 2990 1094 3074 magnitudinem

80 3102 138 3163 ZB
154 3098 298 3162 metitur.
321 3098 430 3182 itaque
445 3099 543 3161 etiam
557 3100 597 3161 H
606 3096 862 3181 magnitudinem
877 3099 933 3159 ΖΒ
953 3098 1093 3160 metitur.

79 3227 194 3270 uerum
218 3205 317 3268 etiam
341 3208 444 3268 totam
463 3209 530 3268 AB
548 3203 681 3267 metitur
705 3207 737 3267 et
761 3203 918 3285 reliquam
938 3207 971 3265 A
977 3206 1004 3265 Z
1029 3225 1094 3266 me-

80 3383 152 3454 ΕΔ]
173 3381 271 3451 (priua)
290 3383 347 3434 ΔΕ
365 3379 395 3434 Ρ.
471 3385 513 3434 21.
532 3379 594 3449 καί]
616 3380 686 3447 (alt.)
706 3396 758 3434 om.
781 3378 812 3430 V.
896 3384 937 3431 23.
957 3373 1001 3447 τό]
1022 3378 1094 3446 (lt.)

80 3450 131 3508 τόν
150 3453 179 3508 Ρ.
260 3456 302 3506 24.
321 3445 420 3504 λοιπὸν
439 3445 494 3519 ἄρα
514 3451 543 3506 F.
