2348 3818
507 587 618 662 Liber
645 588 687 662 X.

455 761 732 830 Definitiones.

154 891 182 951 l.
214 886 457 973 Magnitudines
485 887 793 952 commensurabiles
820 892 991 972 uocantur,
1022 910 1102 972 quas

82 993 197 1058 eadem
216 1014 369 1057 mensura
388 993 497 1058 metiri
514 993 600 1078 licet,
619 994 965 1073 incommensurabiles
985 1000 1103 1079 autem,

83 1121 222 1184 quarum
245 1100 427 1164 communis
452 1120 603 1164 mensura
625 1100 764 1165 inueniri
787 1101 911 1184 nequit.

152 1206 182 1268 2.
216 1204 338 1270 Rectae
352 1206 501 1289 potentia
521 1206 829 1272 commensurabiles
849 1210 934 1291 sunt,
952 1207 1008 1272 ubi
1024 1229 1101 1292 qua·

81 1311 179 1376 drata
193 1333 304 1376 earum
318 1311 430 1376 eadem
440 1332 592 1376 mensura
605 1312 714 1376 metiri
728 1313 814 1398 licet,
828 1313 1101 1379 incommensura-

81 1417 168 1482 biles
200 1421 322 1500 autem‚
349 1416 406 1482 ubi
435 1416 561 1480 nullum
590 1418 733 1502 spatium
761 1420 940 1484 communis
964 1420 1102 1503 quadra-

80 1527 193 1588 torum
217 1545 329 1588 earum
351 1543 503 1587 mensura
526 1522 667 1587 inueniri
690 1528 807 1609 potest.

151 1629 182 1694 3.
214 1628 274 1693 His
298 1629 477 1714 suppositis
500 1628 750 1714 demonstratur,
772 1633 877 1694 rectas
900 1650 1034 1695 numero
1053 1631 1100 1696 in·

81 1735 193 1799 finitas
213 1757 283 1799 esse
304 1735 398 1799 datae
416 1738 523 1799 rectae
538 1735 843 1801 commensurabiles
858 1739 892 1799 et
904 1735 1100 1802 incommen-

82 1841 245 1906 surabiles
272 1841 393 1924 partim
416 1841 622 1926 longitudine
644 1845 786 1926 tantum,
808 1841 929 1926 partim
951 1841 1101 1926 potentia

83 1969 222 2033 quoque.
249 1948 315 2011 iam
340 1948 417 2012 data
438 1951 528 2012 recta
550 1947 721 2013 rationalis
744 1951 886 2032 uocetur,
909 1952 943 2013 et
965 1969 1046 2032 quae
1070 1949 1101 2013 ei

82 2054 395 2119 commensurabiles
429 2057 506 2118 sunt
545 2055 614 2118 siue
650 2054 854 2139 longitudine
888 2057 1100 2141 potentiaque

83 2161 153 2225 siue
181 2161 331 2244 potentia
353 2163 497 2245 tantum,
526 2160 718 2244 rationales,
747 2181 830 2245 quse
858 2163 965 2225 autem
994 2162 1023 2225 ei
1051 2161 1099 2224 in-

82 2267 394 2331 commensurabiles
419 2270 503 2349 sunt,
526 2267 733 2332 irrationales
756 2270 919 2333 uocantur.

148 2374 180 2436 4.
216 2372 262 2436 Et
290 2373 484 2457 quadratum
513 2373 612 2438 datae
636 2375 743 2437 rectae
771 2374 929 2438 rationale
957 2378 1099 2457 uocetur,

80 2482 114 2543 et
133 2499 216 2562 quae
234 2479 264 2542 si
279 2478 581 2542 commensurabilia
596 2481 681 2560 sunt,
694 2478 877 2562 rationalia,
892 2500 974 2563 quae
989 2484 1099 2544 autem

80 2586 111 2649 ei
135 2584 475 2650 incommensurabilia
495 2587 579 2669 sunt,
598 2584 811 2667 irrationalia,
831 2587 863 2648 et
881 2587 997 2667 rectae,
1016 2605 1098 2668 quae

77 2826 202 2917 πλήθει]
222 2846 277 2884 om.
297 2829 327 2883 Il.
383 2824 539 2899 σύμμετροί
549 2848 579 2884 τε
594 2829 656 2900 καί]
675 2847 760 2900 supra
778 2845 829 2883 scr.
848 2847 885 2886 ιιι,
899 2847 953 2885 rec.
969 2832 1017 2885 P.
1055 2837 1096 2887 11

77 2897 184 2970 μόνον,
210 2897 243 2954 αἱ
264 2897 310 2971 δὲ]
337 2917 390 2955 om,
413 2898 511 2955 Theon
534 2900 668 2971 (BFVb).
742 2905 783 2956 12.
806 2901 875 2955 Post
893 2897 1014 2972 δυνάμει
1032 2903 1096 2959 add.

76 2943 188 3027 Theoni
216 2968 288 3025 uici
270 2967 502 3059 litoveuec'
467 2991 556 3042 μονον
576 2970 710 3042 (stb).
786 2976 977 3055 προστεθεῖσα
995 2972 1014 3025 b
1034 2975 1096 3027 ete

77 3059 151 3098 corr.
171 3043 202 3098 F
277 3046 318 3096 14
338 3039 535 3129 σύμμιιροιὶ),
554 3058 623 3100 corr.
642 3060 678 3097 m.
697 3059 766 3108 rec.;
786 3042 886 3097 deinde
905 3043 968 3097 add
986 3042 1096 3099 Theon·

77 3109 152 3169 κατὰ
172 3109 206 3167 τὸ
216 3131 314 3200 συναμ
339 3109 438 3181 sirenus
454 3115 528 3182 (cvv-
543 3130 598 3168 om.
612 3115 650 3183 b),
670 3111 813 3168 τουτέστιν
828 3112 953 3182 (uutdel
964 3114 997 3183 F)
1013 3111 1097 3183 μήκει

75 3185 127 3240 aul
150 3179 274 3254 δυνάμει
297 3186 307 3250 (
340 3184 447 3253 FVb);
474 3183 550 3239 idem
573 3185 596 3238 P
619 3203 674 3254 mg
694 3203 731 3239 m
752 3189 766 3237 1
790 3201 842 3254 pro
867 3184 982 3240 scholio
1056 3191 1096 3239 16.

78 3258 286 3345 προστεθείσης
304 3255 323 3308 b
343 3257 372 3310 et
390 3271 406 3309 o
425 3272 494 3311 corr.
513 3256 543 3310 F.
618 3261 659 3310 17.
680 3251 763 3379 inoffi]
784 3272 837 3310 om.
857 3254 888 3311 F.
962 3261 1003 3310 18
1023 3254 1097 3310 Ante

75 3323 168 3396 ἄλογα
192 3327 257 3382 add
281 3323 355 3381 κατὰ
377 3323 409 3381 τὸ
435 3323 740 3398 συναμφότερονΓςι
760 3343 805 3380 em
828 3325 850 3378 P
872 3343 928 3396 mg.
948 3345 984 3381 m.
1006 3331 1020 3379 1
1044 3341 1095 3395 pro

76 3398 195 3453 scholio.
268 3400 465 3453 καλείσθωσαν
483 3396 580 3453 Theon
599 3397 735 3466 (BFVb)
808 3458 813 3466 ‚

909 3483 949 3538 ps
