2348 3818
472 885 512 970 V,
533 887 573 950 19
599 887 707 952 coroll.

152 1008 223 1074 Hae
253 1011 395 1076 rationes
424 1014 532 1076 eutem
561 1014 594 1075 et
621 1011 660 1075 de
683 1031 783 1095 aeque
806 1010 1041 1096 multiplicibus
1065 1018 1099 1080 et

86 1115 125 1180 de
148 1117 413 1201 proportionibus
436 1119 563 1201 ualent,
587 1117 739 1201 quoniam
760 1116 788 1181 si
806 1117 947 1201 primum
965 1120 1097 1184 secundi

85 1243 188 1305 aeque
215 1224 385 1307 multiplex
408 1227 459 1289 est
487 1246 524 1289 ec
551 1223 684 1287 tertium
708 1224 828 1308 quarti,
855 1224 917 1288 erit
939 1225 1038 1289 etiam
1059 1229 1099 1290 ut

81 1327 226 1412 primum
246 1328 287 1392 ad
305 1329 489 1414 secundum,
513 1329 561 1393 ite
578 1331 712 1394 tertium
732 1330 773 1394 ad
792 1332 951 1414 quartum.
983 1352 1097 1395 uerum

82 1434 229 1516 conuerti
252 1456 318 1499 non
341 1438 462 1519 potest3
485 1457 588 1519 neque
612 1436 697 1500 enim
721 1435 749 1498 si
773 1437 823 1498 est
840 1438 878 1499 ut
895 1436 1036 1519 primum
1056 1435 1098 1500 ed

82 1540 275 1623 secundum,
302 1541 350 1605 ite
371 1542 505 1606 tertium
530 1541 570 1605 ed
594 1544 759 1624 quartum,
787 1540 860 1605 ideo
885 1563 1011 1625 semper
1035 1541 1099 1606 erit

79 1647 223 1730 primum
256 1647 389 1711 secundi
422 1668 523 1731 aeque
554 1647 726 1731 multiplex
758 1650 790 1711 et
816 1646 950 1711 tertium
980 1646 1097 1730 quarti,

81 1753 175 1816 uelut
205 1752 240 1816 in
272 1751 454 1817 rationibus
485 1753 694 1836 sesqualteris
722 1753 776 1817 uel
803 1751 1016 1836 sesquitertiis
1043 1751 1097 1815 uel

84 1856 262 1942 similibus3
286 1858 371 1942 quod
394 1862 465 1923 eret
488 1858 783 1923 demonstrandum.

522 2051 579 2130 VI,
598 2053 650 2116 20.

505 2188 671 2277 Aliter.¹)

150 2313 221 2378 Iam
245 2315 338 2378 aliter
361 2337 488 2399 quoque
507 2316 690 2400 promptius
710 2315 1015 2400 demonstrabimus,
1037 2317 1095 2381 tri-

78 2420 219 2504 angulos
243 2421 528 2504 correspondentes
553 2443 631 2486 esse.

146 2529 311 2610 ponantur
325 2527 410 2590 enim
423 2549 535 2592 rursus
549 2528 716 2611 polygone
724 2529 901 2610 ΑΒΓΔΕ,
913 2530 1096 2612 ΖΗΘΚΛ,

79 2631 294 2697 obducantur
316 2637 390 2716 ΒΕ,
412 2636 483 2716 ΕΓ,
506 2637 587 2716 ΗΛ,
610 2635 683 2698 ΛΘ.
723 2633 805 2716 dico,
828 2655 899 2697 esse

151 2741 396 2802 ABE:ZHA
411 2768 453 2791 =
468 2741 588 2803 EBF:
603 2742 708 2803 ΛΗΘ
722 2769 764 2792 =
779 2741 897 2804 PAE:
911 2741 1023 2806 ΘΚΛ.

152 2950 177 3016 1)
192 2946 354 3018 ¹Campanus
368 2946 416 3017 Vl,
434 2954 479 3002 18:
494 2947 595 3016 „aliter
608 2948 702 3017 potest
716 2947 903 3004 demonstrari
916 2951 1096 3005 secundum.“

78 3019 180 3073 deinde
200 3019 299 3073 eodem
318 3019 413 3088 modo,
432 3037 487 3088 quo
506 3019 553 3073 hic
571 3018 611 3084 fit,
630 3017 810 3086 demonstret,
829 3018 986 3089 triangulos
1005 3038 1094 3076 corre-

79 3090 250 3159 spondentes
269 3105 343 3158 esse,
362 3092 392 3144 et
409 3090 474 3144 inde
493 3089 636 3144 concludit
654 3088 689 3142 de
706 3089 856 3158 polygonis
873 3091 951 3146 totis.

79 3289 121 3339 13.
141 3279 247 3354 ἄλλως]
267 3299 321 3338 om.
340 3284 376 3349 B,
398 3301 435 3339 m.
458 3283 561 3366 north
584 3280 633 3353 ufl'
651 3302 683 3353 p,
702 3284 725 3338 F
742 3300 798 3372 ¹¹¹ss-
822 3302 858 3339 m.
880 3292 904 3342 1.
959 3292 1001 3341 16.
1019 3281 1091 3356 γάρ]

75 3372 112 3407 m.
128 3361 145 3408 2
160 3356 190 3409 F.
245 3355 315 3408 Post
334 3355 426 3410 &ras
443 3361 457 3408 1
472 3355 527 3409 htt.
542 3353 576 3409 V.
632 3360 673 3411 18.
692 3355 761 3409 Post
779 3376 823 3412 ou
836 3355 901 3411 edd.
916 3352 992 3411 ἐστίν
1005 3356 1096 3423 va„

76 3423 149 3479 rm.
168 3431 194 3480 2.
269 3428 354 3480 ΖΔΗ
373 3426 408 3495 F,
431 3430 456 3481 Α
479 3425 510 3480 in
532 3425 739 3484 resmfrv.

906 3508 965 3558 W·
