2348 3818
106 134 150 197 42
484 131 687 185 monimen
705 126 741 188 τ’.

105 275 210 361 λόγου
247 273 304 341 καὶ
341 278 455 360 τρίτου
491 271 576 359 πρὸς
612 272 785 358 τέταρτον,
821 275 937 356 τρίτον
969 270 1012 341 δὲ
1046 270 1131 359 πρὸς

105 381 264 465 τέταρτον
292 384 427 464 μείζονα
454 378 558 464 λόγου
586 383 643 467 ἔχρ
672 374 693 464 ἢ
721 378 870 464 πέμπτου
896 375 982 465 πρὸς
1019 380 1157 466 ἕκτου,,

104 487 161 554 καὶ
197 488 332 573 πρῶτον
367 483 451 573 πρὸς
487 483 647 572 δεύτερον
683 488 819 570 μείζονα
855 483 960 570 λόγου
999 485 1069 566 ἔξω
1109 480 1131 573 ἣ

103 593 255 678 πέμπτου
278 589 362 678 πρὸς
384 592 495 660 ἕκτον·
518 591 600 678 ὅπερ
624 594 692 659 ἔδει
716 592 832 671 δεῖξαι.

68 801 85 850 ο
583 783 641 854 ιδ’.

168 890 255 962 Ἐὰν
278 896 435 981 πρῶτον
458 888 557 979 πρὸς
580 890 773 978 δεύτερον
800 888 869 959 τὸυ
900 887 1028 959 αὐτὸν
1058 896 1128 982 ἔχῃ

103 1000 225 1086 λόγου
257 999 323 1068 καὶ
354 1002 491 1088 τρίτου
517 995 615 1084 πρὸς
640 997 847 1084 τέταρτον,
877 993 919 1064 τὸ
948 996 991 1065 δὲ
1021 1001 1130 1087 προί-

103 1131 172 1175 του
195 1110 265 1174 τοῦ
288 1108 426 1192 τρίτου
448 1108 584 1190 μεῖζον
608 1093 644 1191 ᾖ,
667 1102 733 1171 καὶ
756 1100 798 1170 τὸ
833 1105 1027 1190 δεύτερον
1055 1097 1128 1173 τοῦ

103 1210 296 1300 τετάρτου
327 1215 464 1294 μεῖζον
494 1212 621 1294 ἔσται,
657 1205 731 1277 κᾶν
764 1216 870 1294 ἴσον,
902 1216 1011 1294 ἴσον,
1049 1205 1126 1279 κᾶν

57 1331 91 1381 10
109 1321 292 1402 ἔλαττον,
316 1320 488 1383 ἔλαττον.

172 1425 318 1509 Πρῶτον
345 1420 410 1509 γὰρ
438 1419 475 1489 τὸ
505 1429 539 1489 A
568 1418 651 1509 πρὸς
679 1421 838 1509 δεύτερον
865 1417 903 1489 τὸ
928 1428 957 1489 Β
980 1418 1043 1492 τὸν
1066 1424 1125 1491 οὐ·

29 1604 33 1611 ,
103 1529 166 1597 τὸυ
194 1529 293 1614 ἐχέτω
321 1526 426 1614 λόγου
454 1527 510 1595 καὶ
537 1532 651 1615 τρίτου
679 1524 716 1595 τὸ
740 1532 773 1595 Γ
790 1550 875 1614 προς
904 1528 1066 1615 τέταρτον
1084 1528 1125 1598 τὸ

107 1643 156 1721 A,
179 1641 292 1721 μεῖζον
315 1634 353 1704 δὲ
376 1639 459 1702 ἔστω
481 1631 519 1702 τὸ
543 1642 576 1702 A
598 1637 659 1702 τοῦ
683 1639 724 1701 Γ·
750 1634 852 1720 λέγω,
876 1633 928 1701 ὅτι
949 1633 1006 1700 καὶ
1030 1634 1072 1704 τὸ
1096 1643 1125 1705 Β

106 1746 168 1810 τοῦ
192 1751 226 1810 A
249 1741 361 1829 μεῖζόν
385 1743 485 1810 ἐστιν.

52 1859 86 1910 15
168 1846 257 1917 Ἐπεὶ
289 1847 353 1937 γὰρ
381 1847 419 1916 τὸ
443 1857 476 1915 A
502 1850 564 1915 τοῦ
587 1852 620 1914 Γ
642 1846 755 1932 μεῖζόν
778 1847 885 1932 ἐστιν,
908 1843 992 1914 ἄλλο
1017 1847 1075 1934 δέ,
1105 1843 1124 1917 ὅ

104 1960 229 2041 ἔτυχεν,
252 1955 421 2040 [μέγεθος]
446 1951 484 2020 τὸ
508 1960 549 2038 Β,
572 1950 609 2020 τὸ
634 1961 667 2021 A
685 1951 751 2041 ἄρα
774 1951 856 2040 πρὸς
878 1951 916 2020 τὸ
936 1959 965 2018 Β
986 1956 1126 2039 μείζονα

104 2060 207 2145 λόγον
231 2063 297 2145 ἔχει
324 2057 408 2146 ἤπερ
432 2055 469 2127 τὸ
493 2064 526 2126 Γ
542 2057 627 2146 πρὸς
648 2058 686 2126 τὸ
712 2067 750 2128 Β.
794 2055 838 2139 ὡς
861 2058 899 2126 δὲ
921 2057 959 2127 τὸ
984 2066 1017 2126 A
1038 2058 1125 2148 πρὸς

104 2161 142 2232 τὸ
165 2171 210 2249 Β,
243 2164 348 2244 οὕτως
375 2162 412 2232 τὸ
440 2169 473 2231 Γ
496 2162 579 2252 πρὸς
600 2163 639 2233 τὸ
663 2172 708 2231 A·
737 2166 793 2232 καὶ
820 2162 859 2233 τὸ
887 2169 920 2231 Γ
946 2164 1013 2252 ἄρα
1039 2167 1125 2255 πρὸς

104 2268 142 2339 τὸ
176 2277 208 2340 A
239 2275 375 2356 μείζονα
406 2268 510 2356 λόγου
543 2275 609 2358 ἔχει
641 2268 724 2359 ἥπερ
757 2268 794 2339 τὸ
827 2275 860 2338 Γ
886 2267 969 2357 πρὸς
1007 2269 1044 2340 τὸ
1074 2275 1124 2361 ζΒ.

52 2395 86 2445 20
105 2372 231 2464 πρὸςδ
260 2376 298 2444 δὲ
321 2375 358 2444 τὸ
383 2373 465 2444 αὐτὸ
494 2381 628 2462 μείζονα
654 2375 758 2462 λόγου
786 2380 863 2463 ἔχει,
887 2378 995 2445 ἐκεῖνο
1029 2382 1123 2446 ἔλασ-

106 2481 169 2550 σόυ
197 2483 300 2550 ἐστιν·
332 2487 475 2551 ἔλασσον
503 2479 569 2570 ἄρα
605 2478 643 2550 τὸ
677 2489 710 2548 A
741 2485 802 2549 τοῦ
831 2489 873 2549 Β·
900 2483 985 2551 ὥστε
1008 2483 1124 2570 μεῖζόν

106 2587 234 2657 ἔστιτὸ
260 2596 288 2657 Β
311 2591 373 2656 τοῦ
396 2596 438 2657 Α.

170 2693 309 2782 Ὁμοίως
332 2692 374 2782 δὴ
398 2696 566 2780 δείξομεν,
596 2694 648 2762 ὅτι
670 2691 736 2763 κᾶν
761 2704 836 2763 ἴσου
858 2686 880 2784 ᾖ
904 2692 941 2763 τὸ
966 2703 999 2762 Α
1016 2699 1062 2788 τῷ
1085 2701 1125 2782 Γ,

108 2807 184 2869 ἴσον
218 2806 310 2869 ἔσται
342 2802 398 2868 καὶ
430 2797 468 2869 τὸ
497 2808 525 2869 Β
553 2805 599 2894 τῷ
628 2809 676 2887 A,
708 2798 774 2868 κᾶν
802 2806 945 2870 ἔλασσον
973 2792 994 2888 ᾖ
1023 2800 1062 2868 τὸ
1092 2810 1126 2870 A

55 2925 90 2976 2⁶
106 2910 168 2975 τοῦ
192 2912 230 2992 Γ,
254 2911 397 2975 ἔλασσον
421 2911 513 2975 ἔσται
535 2907 591 2975 καὶ
614 2906 652 2974 τό
678 2914 707 2975 Β
729 2911 791 2975 τοῦ
815 2915 857 2975 A.

169 3009 248 3081 Ἐὰυ
276 3010 343 3100 ἄρα
369 3015 504 3099 πρῶτον
531 3011 615 3100 πρὸς
648 3012 807 3101 δεύτερον
838 3010 899 3081 τὸυ
927 3009 1033 3080 αὐτὸν
1064 3017 1122 3102 ἔχῃ

105 3119 210 3205 λόγου
236 3119 292 3187 καὶ
319 3124 433 3208 τρίτου
461 3117 545 3207 πρὸς
571 3120 745 3209 τέταρτον,
773 3117 811 3187 τὸ
841 3118 879 3186 δὲ
901 3121 1036 3205 πρῶτον
1060 3122 1124 3187 τοῦ

104 3231 222 3315 τρίτου
245 3232 357 3312 μεῖζον
380 3217 414 3314 ᾖ,
436 3226 492 3292 καὶ
516 3223 553 3293 τὸ
574 3226 732 3310 δεύτερον
751 3230 812 3294 τοῦ
830 3223 990 3311 τετάρτου
1008 3229 1123 3310 μεῖζον

105 3335 214 3417 ἔσται,
243 3326 309 3398 κᾶν
338 3339 428 3418 ἴσου,
462 3339 553 3418 ἴσον,
581 3326 646 3398 κᾶν
675 3335 825 3414 ἔλαττον,
858 3334 1008 3398 ἔλαττον·
1039 3331 1121 3416 ὅπερ

54 3454 92 3507 ⁸0
108 3442 177 3507 ἔδει
200 3435 314 3519 δεῖξαι.
