2348 3818
354 158 628 211 ELEMBNTORUM
645 159 755 210 LIBER
771 159 833 212 VII.
1039 157 1104 223 233

89 301 232 366 minores
254 301 397 365 numeris
411 304 482 382 ΓΛ,
506 305 569 365 ΕΖ
592 302 626 364 in
649 301 760 366 eadem
783 301 992 386 proportione
1017 311 1105 388 aunt3

90 405 177 490 quod
208 404 280 471 fieri
310 427 377 470 non
410 410 532 491 potest3
564 428 640 471 nam
669 408 896 491 supposuimus
903 458 912 492 ‚
939 411 1014 491 ΓΔ,
1042 413 1105 472 ΕΖ

90 512 243 577 minimos
272 533 341 576 esse
369 534 497 597 eorum,
526 514 582 597 qui
608 513 743 578 eandem
770 514 914 579 habeant
937 514 1106 579 rationem.

88 620 200 702 itaque
224 620 286 681 ΓΔ
308 640 375 684 non
398 623 448 683 eat
470 623 583 705 partes
605 620 730 684 numeri
747 626 788 685 A
825 642 900 703 pars
924 620 1026 706 igitur
1044 621 1107 686 erit

92 727 195 808 [prop
215 722 350 805 lvio
351 727 452 790 ΒΕΖ
475 726 603 791 numeri
626 729 655 790 Β
678 726 789 791 eadem
811 748 887 810 pars
912 729 962 790 est
984 747 1021 790 ac
1045 728 1105 789 ΓΛ
1149 808 1152 813 ι

89 830 218 894 numeri
245 836 278 894 A
306 833 411 914 [prop.
429 830 526 914 XIH3
550 831 614 898 def.
632 833 699 915 20]
746 853 824 917 ergo
847 835 910 897 ΓΔ
937 854 1106 897 numerum

91 940 124 998 A
152 938 185 999 et
208 939 271 1001 ΒΖ
298 956 467 1011 numerum
492 942 520 1002 B
550 938 729 1021 aequaliter
751 937 900 1020 metitur3
928 937 1107 1022 quoderat

92 1041 386 1109 demonstrandum.

542 1233 658 1325 XXJ.¹)

182 1357 319 1424 Numeri
345 1359 431 1423 inter
459 1381 494 1424 ee
522 1361 619 1443 primi
645 1361 774 1426 minimi
798 1365 874 1427 sunt
898 1383 1022 1446 eorum,
1051 1362 1107 1446 qui

94 1465 229 1530 eandem
251 1465 412 1530 rationem
435 1466 564 1531 habent.

377 1569 450 1636 Sint
472 1572 570 1655 primi
593 1573 679 1636 inter
697 1593 732 1636 se
746 1574 873 1638 numeri
891 1580 931 1652 A,
950 1578 988 1639 Β.
1026 1574 1108 1658 dico,

196 1750 218 1798 B
308 1698 459 1742 numeros
489 1682 587 1762 A,B
617 1678 769 1742 minimos
801 1699 872 1743 ease
900 1700 1026 1763 eorum,
1053 1680 1109 1763 qui

105 1820 128 1869 A
310 1783 445 1848 eandem
468 1784 629 1849 rationem
651 1783 805 1849 habeant.

376 1907 454 1954 nam
477 1891 505 1954 si
528 1889 645 1976 minua,
668 1893 762 1955 erunt
780 1890 910 1954 numeri
928 1890 1030 1974 aliqui
1048 1891 1107 1955 mi-

309 2004 406 2061 nores
434 1997 577 2060 numeris
607 2000 655 2081 A,
677 2001 720 2080 B,
750 1996 808 2079 qui
835 1997 870 2060 in
898 1995 1009 2061 eadem
1035 2017 1109 2080 pro-

200 2133 220 2143 ·
309 2103 458 2188 portione
490 2102 556 2168 sint
584 2123 621 2168 ae
644 2107 690 2186 A,
713 2106 750 2168 Β.
797 2101 863 2166 sint
890 2105 932 2187 Γ,
956 2107 996 2167 Δ.
1042 2101 1109 2167 iam

310 2208 464 2292 quoniam
490 2208 617 2273 numeri
643 2208 770 2274 minimi
797 2229 934 2294 eorum,¹
953 2208 1008 2293 qui
1036 2230 1110 2274 ean·

201 2303 220 2312 “
310 2314 383 2378 dem
400 2314 561 2379 rationem
578 2314 714 2399 habent,
733 2335 798 2393 eos,
822 2316 877 2400 qui
901 2313 1036 2380 eandem
1057 2337 1109 2378 ra

309 2420 432 2486 tionem
452 2419 584 2504 habent,
604 2421 987 2505 aequalitermetiuntur,
1005 2421 1110 2486 maior

95 2529 252 2593 maiorem
280 2529 313 2591 et
339 2527 446 2592 minor
473 2527 632 2592 minorem
664 2528 768 2611 [prop.
791 2525 882 2611 XX]',
909 2526 941 2591 h.
965 2548 991 2592 e.
1018 2548 1110 2611 prae·

94 2635 210 2701 cedens
224 2633 469 2718 praecedentem
483 2636 516 2697 et
531 2653 667 2716 sequens
682 2635 879 2717 sequentem,
892 2635 925 2696 Γ
940 2652 1110 2696 numerum

94 2746 127 2804 A
151 2744 184 2805 et
205 2744 239 2802 A
261 2761 433 2805 numerum
455 2744 484 2804 Β
513 2739 689 2823 aequaliter
712 2738 853 2803 metitur.
900 2738 1027 2822 quoties
1050 2738 1112 2823 igi-

94 2849 150 2910 tur
178 2848 211 2910 Γ
237 2851 408 2911 numerum
430 2852 463 2911 A
496 2845 641 2929 metitur,
671 2847 724 2909 tot
752 2844 818 2908 sint
844 2844 876 2908 in
902 2849 935 2908 Ε
959 2845 1111 2910 unitatae.

167 3058 195 3123 1)
213 3052 437 3124 Propositionem
452 3050 569 3108 omissae
584 3052 706 3107 similem
720 3053 808 3106 habet
823 3050 1003 3122 Campanus
994 3071 1025 3107 in
1034 3053 1111 3108 addi-

97 3126 221 3182 tamento
240 3142 290 3181 eno
309 3123 373 3191 VH,
394 3129 439 3178 19:
458 3123 506 3178 bio
524 3125 619 3179 autem
637 3124 829 3204 demonstrare
847 3124 978 3178 uolumus
993 3141 1112 3206 aequam

96 3195 314 3278 proportionalit
301 3166 421 3250 tatein
412 3212 443 3248 m
466 3193 606 3264 quotlibet
627 3192 750 3248 numeris
773 3193 892 3248 duorum
916 3194 1076 3249 ordinum'
1068 3213 1110 3249 m-

96 3266 220 3323 direotae
239 3283 310 3337 ppro
312 3263 525 3333 ortionalitatis,
549 3282 645 3338 quam
652 3265 827 3319 demonstrat
845 3265 976 3319 Euclides
999 3283 1049 3336 per
1068 3272 1110 3319 23.

96 3337 220 3407 quinti·
212 3355 243 3392 m
262 3284 493 3407 quantitatibus
484 3353 515 3389 1n
537 3352 647 3419 genere
686 3334 805 3389 dicimus
825 3352 905 3418 ergo·
929 3335 953 3390 ai
971 3334 1112 3414 quotlibet

93 3408 206 3464 numeri
223 3356 343 3464 totidem
361 3406 425 3461 aliia
442 3405 547 3461 fuerint
568 3405 705 3461 indirecte
731 3405 973 3475 proportionales
993 3404 1117 3459 extremi

98 3495 210 3549 quoque
229 3477 259 3533 in
277 3478 376 3534 eadem
393 3476 576 3548 proportione
593 3475 826 3550 proportionatae
844 3476 949 3541 erunt
962 3474 1038 3525 cett
