2348 3818
107 155 173 220 350
483 152 685 206 21⁴0me
702 147 747 208 ε’.

106 299 197 367 ἐστιν
221 293 266 376 ὡς
289 293 308 364 6
330 302 360 364 Β
382 293 466 384 πρὸς
488 297 548 363 τὸν
567 300 606 381 Γ,
631 290 649 362 6
668 303 701 362 A
723 291 806 382 πρὸς
828 292 890 362 τὸν
911 301 950 361 Β.
982 295 1119 362 καὶτῶν

105 413 154 488 Α,
181 410 210 469 Β
240 400 307 490 άρα
337 401 400 470 δύο
430 401 525 487 μέσοι
555 398 726 486 άνάλογόν
756 404 842 468 είσιν
870 396 1026 486 άριθμοί.
1070 403 1122 467 καί

108 511 176 576 ἐστι
198 505 302 593 κύβος
324 504 349 576 6·
363 515 404 575 Β·
434 506 538 593 κύβος
560 505 628 594 άροι
652 506 721 574 ἐστὶ
743 506 799 572 καὶ
823 502 841 573 6
859 511 906 570 A·
951 503 1036 593 ὅπερ
1059 509 1121 573 ἔδει

108 617 221 694 δείξαι.

72 765 88 814 5
593 736 631 818 ζ’.

170 876 258 963 Ἐάν
287 878 485 958 σύνθετος
512 876 685 967 άριθμὸς
712 875 889 967 ἀριθμόν
918 901 1011 946 τινα
1033 884 1122 945 πολ-

107 984 378 1064 λοιπλασιάσας
405 989 501 1073 ποιῇ
529 1009 635 1071 τινα,
668 982 686 1052 6
715 983 931 1071 γενόμενος
964 980 1122 1071 στερεὸς

107 1095 226 1158 ἔσται

173 1196 348 1276 Σύνθετος
375 1195 439 1285 γὰρ
468 1193 616 1285 άριθμδς
641 1193 659 1265 6
683 1206 715 1264 A
738 1195 887 1285 ἀριθμόν
910 1222 987 1263 τινα
1011 1190 1073 1264 τδν
1095 1202 1121 1261 Β

55 1314 88 1363 10
106 1302 397 1382 πολλαπλασιάσας
424 1301 485 1371 τὸν
508 1309 542 1369 Γ
563 1308 714 1371 ποιείτω·
751 1305 853 1390 λέγω,
881 1303 933 1371 ὅτι
957 1298 976 1370 6
1001 1307 1036 1368 Γ
1055 1320 1121 1369 στε-

107 1410 183 1495 ρεός
206 1412 305 1477 ἐστιν.

171 1511 259 1582 Ἐπεὶ
286 1518 350 1601 γάρ
380 1512 398 1583 6
422 1525 453 1583 A
481 1515 648 1595 σύνθετός
677 1519 783 1601 ἐστιν,
811 1513 877 1583 ὑπὸ
901 1511 1055 1601 άριθμοῦ
1078 1539 1122 1579 τι-

105 1647 165 1700 νος
187 1620 439 1709 μετρηθήσεται.
476 1627 661 1708 μετρείσθω
685 1620 751 1691 ὑπὸ
775 1626 836 1690 τοῦ
860 1629 904 1706 Δ,
926 1619 982 1686 καὶ
1008 1616 1122 1699 ὁσάκις

106 1724 124 1793 6
150 1735 183 1793 A
205 1726 264 1795 τὸν
287 1736 320 1794 A
342 1741 467 1816 μετρεῖ,
490 1733 650 1796 τοσαῦται
674 1727 819 1815 μονάδες
842 1731 993 1794 ἔστωσαν
1019 1727 1056 1793 ἐν
1079 1726 1121 1815 τῷ

54 1853 86 1901 15
105 1839 143 1899 Ε.
181 1834 250 1900 ἐπεὶ
277 1823 341 1900 οὖν
370 1831 388 1900 6
417 1841 451 1899 A
477 1832 538 1902 τὸν
561 1844 594 1902 A
622 1848 734 1922 μετρεῖ
758 1830 841 1900 κατὰ
871 1829 930 1910 τάς
958 1832 996 1898 ἐν
1024 1834 1071 1923 τῷ
1095 1837 1124 1896 Β

106 1939 265 2025 μονάδας,
290 1935 307 2005 6
332 1946 364 2006 E
385 1937 450 2028 άρα
473 1939 533 2008 τὸν
556 1947 590 2007 A
612 1937 904 2016 πολλαπλασιάσας
926 1935 989 2006 τὸν
1013 1946 1047 2004 Α
1069 1961 1121 2003 πε·

106 2050 251 2130 ποίηκεν.
297 2046 353 2112 καὶ
378 2046 447 2112 ἐπεὶ
471 2043 488 2113 6
508 2054 541 2112 A
563 2045 624 2113 τὸν
644 2053 672 2112 Β
695 2041 991 2122 πολλαπλασιάσας
1015 2043 1125 2111 τδνΓ

105 2155 293 2236 πεποίηκεν,
313 2147 331 2218 6
351 2151 388 2218 δὲ
407 2161 439 2218 A
459 2154 548 2219 ἐστιν
568 2149 586 2219 6
607 2153 729 2218 ἐκτῶν
750 2160 794 2236 A,
815 2157 855 2234 E,
880 2145 898 2217 6
918 2146 986 2236 άρα
1006 2152 1121 2217 ἐκτῶν

106 2264 150 2341 A,
173 2263 205 2321 E
226 2254 286 2322 τὸν
310 2262 338 2321 Β
361 2255 654 2336 πολλαπλασιάσας
676 2254 735 2325 τὸν
758 2263 791 2323 Γ
813 2258 1004 2339 πεποίηκεν.
1052 2252 1071 2323 6
1096 2258 1126 2321 Γ

52 2382 87 2431 20
105 2359 171 2447 άρα
191 2361 322 2450 στερεός
341 2365 442 2449 ἐστιν,
465 2365 605 2452 πλευραὶ
626 2362 663 2430 δὲ
682 2359 786 2430 αὐτοῦ
807 2366 892 2428 εἰσιν
912 2364 947 2428 οί
964 2368 1008 2447 A,
1025 2368 1066 2446 E,
1081 2367 1120 2426 B·

107 2467 187 2553 ὅπερ
212 2471 280 2534 ἔδει
304 2469 416 2548 δείξαι.

591 2636 635 2695 η.

169 2748 256 2817 Ἐάν
284 2748 359 2817 άπὸ
387 2749 563 2836 μονάδος
591 2749 810 2817 ὁποσοιοῦν
839 2747 1010 2835 άριδμοὶ
1036 2750 1124 2836 ἑξῆς

106 2853 306 2940 ἀνάλογον
331 2848 444 2940 ὦσιν,
469 2856 486 2923 ὁ
511 2855 581 2942 μὲν
605 2863 737 2945 τρίτος
760 2852 836 2923 άπδ
859 2859 927 2941 τῆς
946 2856 1125 2941 μονάδος

52 2973 87 3022 25
105 2959 352 3045 τετράγωνος
385 2966 494 3028 ἔσται
521 2963 586 3029 καί
615 2965 655 3029 οί
681 2964 750 3029 ἕνα
778 2966 1074 3049 διαλείποντες,
1106 2960 1123 3030 6

106 3064 146 3131 δὲ
183 3067 367 3153 τέταρτος
402 3067 524 3153 κύβος
559 3069 625 3134 καὶ
662 3071 702 3135 οί
737 3069 808 3134 δύο
843 3071 1124 3146 διαλείποντες

106 3207 319 3222 —‘'-·—-———-

177 3275 199 3323 1.
220 3263 308 3330 ούτως
327 3266 342 3323 6
362 3275 384 3322 A
403 3270 493 3338 Bqu.
562 3276 587 3323 3.
608 3267 683 3324 ἐστιν
702 3270 732 3324 P.
801 3267 901 3343 κύβος]
920 3270 991 3339 (alt.)
1014 3287 1071 3326 om.
1092 3292 1122 3339 φ.

104 3335 180 3394 ἐστίν
199 3341 229 3395 Ρ,
295 3346 336 3395 16.
357 3336 602 3396 &stow-16:
631 3338 771 3412 μονάδας]
796 3358 849 3395 om.
870 3341 931 3409 Vq).
1006 3347 1049 3396 16.
1074 3361 1122 3396 πε-

102 3413 203 3481 ποίηκε
227 3411 288 3479 th.
363 3417 404 3465 18.
428 3407 457 3481 6]
479 3412 549 3479 (alt.)
569 3428 622 3466 om.
642 3413 731 3481 Bth.
808 3418 848 3466 19.
873 3412 940 3465 Post
963 3413 1122 3481 πεποίηκεν

99 3482 162 3538 αδδ.
185 3503 215 3556 φ,
237 3481 290 3538 VB
309 3499 365 3555 mg.
383 3488 465 3537 m.2:
485 3484 535 3536 καὶ
548 3483 615 3551 (om.
630 3484 662 3550 B]
681 3478 696 3536 6
717 3487 737 3535 B
757 3479 814 3550 ἄρα
834 3480 887 3550 (ἔτι
902 3482 935 3552 φ)
950 3478 1000 3535 τὸν
1017 3478 1050 3538 ἐκ
1065 3484 1122 3538 τῶν
