2310 3824
70 147 136 211 120
449 147 652 199 ΣΤΟΙΧΕΙΩΝ
670 147 690 200 5
695 141 711 200 '.

70 297 128 356 ἴσα
159 290 249 357 ἐστὶν
278 290 401 357 έιιεῖνα·
430 296 506 356 ἴσον
533 287 600 376 ἄρα
627 288 697 356 ἐστὶ
724 285 763 357 τὸ
786 292 857 356 ΒΗ
878 288 1086 376 παραλληλό-

71 420 226 481 γραμμον
257 397 303 486 τῳ
345 400 412 461 ΛΘ
447 392 797 486 παραλληλογράμμῳ·
847 399 906 461 καί
941 399 1011 462 ἐστι
1047 393 1084 463 τὸ

70 497 230 586 μέν’ΒΗ
246 496 284 567 τὸ
312 496 378 567 ὑπὸ
407 504 476 568 τών
499 506 634 585 ΑΒ,Ζ·
668 506 723 586 ἴση
750 498 815 587 γὰρ
839 497 860 586 ἡ
884 507 958 567 ΛΗ
980 505 1020 589 τῇ
1045 509 1082 568 Ζ·

58 603 107 676 ,τὸ
132 604 171 673 δὲ
193 612 261 673 ΛΘ
282 602 320 673 τὸ
343 603 411 674 ὑπὸ
433 609 502 675 τών
525 610 603 690 ΓΔ,
618 613 661 673 Ε·
685 613 740 691 ἴση
764 604 829 694 γὰρ
852 603 872 692 ἡ
897 613 929 673 Ε
949 610 990 695 τῇ
1011 613 1082 674 Γθ·

34 709 107 780 στὸ
142 709 208 800 ἄρα
235 704 308 779 ’ὑπὸ
339 714 408 780 τών
441 717 507 779 AB
513 717 567 798 ,Ζ
598 710 836 800 περιεχόμενον
869 707 1082 801 ὀρθογώνιον

71 825 147 886 ἴσον
171 817 241 886 ἐστὶ
258 820 305 909 τῷ
323 814 390 886 ὑπὸ
408 820 477 885 τών
495 822 573 902 ΓΔ,
588 825 620 884 Ε
631 817 854 909 περιεχομένῳ
874 814 1083 910 ὀρθογωνίῳ.

135 921 233 992 Ἀλλὰ
262 923 304 1011 θη
333 921 371 992 τὸ
395 920 459 991 ime:
485 925 553 991 τών
576 932 609 991 A
615 931 699 1010 B‚Z
720 922 959 1012 περιεχόμενον
984 925 1084 1014 ὀρθο-

69 1030 196 1118 γώνιον
226 1039 301 1098 ἴσον
331 1034 414 1098 ἔστω
440 1032 486 1121 τῷ
518 1026 584 1097 ὑπὸ
611 1032 681 1098 τών
709 1035 785 1114 ΓΛ,
802 1036 832 1096 Ε
861 1032 1083 1121 περιεχομένῳ

70 1135 287 1228 ὀρθογωνίῳ·
311 1137 412 1223 λέγω,
443 1134 495 1204 ὅτι
518 1139 560 1203 αἴ·
575 1137 734 1222 τέσσαρες
756 1133 889 1205 εὐθεῖαι
912 1134 1083 1224 ἀνάλογον

18 1255 52 1305 10
71 1239 217 1329 ἔσονται,
246 1239 337 1330 ώςὴ
369 1249 434 1310 ΑΒ
461 1241 546 1331 πρὸς
571 1241 634 1328 τὴν
662 1248 740 1330 ΓΛ,
769 1241 876 1323 οὕτως
903 1239 924 1328 ἡ
949 1251 982 1310 Ε
1001 1241 1084 1331 πρὸς

69 1349 133 1436 τὴν
158 1357 194 1417 Ζ.
945 1338 966 1346 ‚.

140 1457 216 1523 Τών
244 1453 310 1542 γὰρ
339 1451 452 1523 αὐτῶν
479 1456 837 1541 κατασκευασθέντων,
861 1455 932 1523 ἐπεὶ
954 1454 993 1524 τὸ
1017 1454 1083 1524 ὑπὸ

69 1563 139 1628 τών
162 1566 287 1647 ΑΒ,Ζ
315 1569 391 1630 ἴσον
425 1561 493 1629 έστῖ
520 1564 565 1654 τῷ
593 1558 660 1629 ὑπὸ
683 1564 752 1630 τών
775 1567 853 1646 ΓΔ,
868 1569 908 1647 Ε,
936 1568 996 1630 καί
1017 1565 1085 1631 ἐστι

70 1665 108 1735 τὸ
136 1666 198 1754 μὲν
229 1663 296 1735 ὑπὸ
330 1671 399 1737 τών
426 1675 509 1752 ΑΒ,
529 1674 556 1735 Ζ
583 1665 621 1735 τὸ
651 1673 733 1735 BH·
766 1673 821 1753 ἴση
849 1665 914 1752 γοίρ
944 1668 1036 1736 ἐστιν
1064 1665 1084 1753 ἡ

17 1780 144 1841 15AH
168 1799 208 1863 πη
237 1782 277 1842 Ζ·
308 1773 346 1843 τὸ
376 1771 454 1842 δέ
437 1772 503 1842 υπὸ
527 1776 596 1841 τών
619 1779 697 1858 ΓΛ,
712 1771 802 1839 Ετὸ
827 1779 906 1839 ΛΘ·
940 1779 996 1860 ἴση
1019 1799 1085 1859 γαρ

69 1906 90 1966 η
115 1886 178 1949 ΓΕ
200 1907 239 1970 τη
264 1890 306 1950 Ε
329 1879 368 1948 τὸ
392 1879 458 1968 ίίρα
477 1886 551 1946 ΒΗ
566 1887 641 1947 ἴσον
665 1879 735 1946 έσπῖ
759 1905 804 1971 τῳ
825 1884 900 1945 ΔΘ.
918 1884 979 1946 καί
994 1881 1084 1949 ἐστιν

70 1981 261 2114 ίσογώνια.
290 1990 359 2053 τών
393 1984 431 2052 δὲ
460 1991 543 2051 ἴσων
577 1985 677 2051 καλί
663 1989 853 2071 ἰσογωνίων
876 1992 1084 2073 παραλληλο-
1137 2063 1140 2069 ⁴

69 2090 233 2179 γροίμμων
253 2087 541 2158 ἀντιπεπόνθασιν
565 2115 600 2155 αι
593 2090 764 2178 πλευραὶ
784 2092 821 2156 αἴ
837 2089 967 2178 περὶ
932 2116 992 2171 τας
1011 2101 1084 2173 ἴσας

70 2201 206 2283 γωνίας.
242 2193 377 2263 ἔστιν”
356 2222 421 2283 αρα
445 2191 490 2274 ὡς
511 2221 532 2282 η
556 2202 623 2263 ΑΒ
645 2194 731 2284 πρὸς
748 2220 812 2281 την
830 2201 908 2282 ΓΔ,
933 2224 1041 2278 ουτως
1063 2225 1084 2284 η

16 2316 51 2366 20
69 2308 131 2370 ΓΘ
159 2298 243 2427 πρὸς
269 2327 332 2388 την
355 2309 435 2372 ΑΗ.
483 2309 537 2433 ἴση
571 2299 652 2370 δὲ“
636 2330 656 2389 η
691 2302 752 2389 μέν
779 2308 841 2369 ΓΘ
869 2329 908 2390 τη
915 2301 1019 2390 E,‘
1002 2332 1024 2390 η
1049 2302 1084 2371 δέ

15 2449 19 2454 ·
69 2415 146 2476 ΑΗ
163 2411 203 2498 τῇ
226 2416 267 2477 Ζ·
310 2406 447 2477 έστιν”
425 2436 492 2497 αρα
511 2406 556 2489 ώς
574 2437 595 2497 η
614 2416 679 2477 ΑΒ
698 2406 782 2497 πρὸς
798 2434 861 2494 νην
879 2414 958 2496 ΓΛ,
978 2410 1085 2491 οὕτως

69 2543 90 2603 η
115 2523 147 2583 Ε
168 2512 251 2604 πρὸς
274 2540 337 2601 την
362 2523 397 2584 Ζ

133 2619 260 2689 Ἐὰν’
245 2647 312 2709 αρα
343 2621 500 2709 τέσσαρες
532 2619 663 2691 εὐθεῖαι
700 2551 869 2706 ὀνώλογον
906 2611 1009 2708 ώσιν,
1046 2618 1082 2688 τὸ

69 2724 134 2796 νπὸ
166 2732 234 2796 τών
263 2725 376 2815 ὀίκρων
404 2726 640 2815 περιεχόμενον
669 2723 886 2815 ὀρθογώνιον
915 2733 991 2794 ἴσον
1016 2726 1084 2794 έστῖ

16 2846 50 2896 25
69 2836 116 2925 τῷ
140 2831 206 2900 ὑπὸ
231 2836 299 2902 τών
323 2835 435 2920 μέσων
449 2834 678 2925 ’περιεχομένῳ
708 2831 923 2925 ὀρθογωνίῳ·
953 2828 1018 2900 κᾶν
1046 2831 1084 2901 τὸ

68 2937 135 3008 ὑπὸ
166 2943 234 3007 τών
264 2937 377 3028 ἄκρων
400 2938 638 3028 περιεχόμενον
662 2937 878 3028 ὀρθογώνιον
902 2947 979 3007 ἴσον
997 2931 1019 3028 ᾗ
1039 2941 1084 3032 τῷ

69 3041 135 3112 ὑπὸ
159 3047 227 3113 τών
251 3045 364 3132 μέσων
387 3049 608 3138 περιεχομένῳ
633 3043 846 3139 ὀρθογωνίῳ,
870 3048 907 3113 αί
927 3046 1085 3135 τέσσαρες
1133 3034 1136 3041 ’

69 3139 201 3218 εὐθεῖαι
225 3147 395 3236 ἀνάλογον
419 3155 565 3218 ἔσονται·
590 3150 670 3238 ὅπερ
695 3155 763 3218 ἔδει
786 3151 900 3232 δείξαι.

68 3313 283 3322 .-.,,.-.-..---.

142 3403 168 3452 4.
189 3400 248 3466 ΓΔ,
263 3398 305 3469 Ε]
325 3414 383 3466 seq.
401 3393 604 3467 περιεχόμενον
624 3392 801 3468 ὀρθογώνιον
814 3396 848 3465 V,
867 3397 980 3467 punctis
999 3399 1084 3456 delet.

99 3469 150 3539 E]
168 3484 237 3522 νοω,
259 3485 293 3524 ex
311 3471 368 3523 ΓΘ
385 3487 422 3522 m.
442 3475 458 3524 2
478 3468 508 3522 V.
587 3469 658 3539 ΓΘ]
679 3485 747 3525 corr.
768 3485 802 3523 ex
821 3470 846 3521 Ε
864 3486 901 3523 m.
921 3468 985 3524 Π.
1059 3476 1083 3524 6.
