2310 3824
80 133 144 197 126
456 132 658 185 ΣΤΟΙΧΕΙΩΝ
676 129 719 185 5¹.

78 282 118 342 H
143 278 184 362 τῇ
217 273 279 360 μὲν
312 271 378 342 ὑπὸ
409 280 512 341 ΔΖΕ
537 279 644 363 γωνίᾳ
673 282 728 360 ἴση
759 268 780 361 ἡ
808 269 873 341 ὑπὸ
903 279 1026 359 ΒΗΘ,
1058 277 1099 363 τῇ

79 381 116 448 δὲ
140 376 206 447 ὑπὸ
231 385 335 447 ΖΔΕ
359 386 415 466 ἴση
443 374 464 466 ἡ
491 377 557 447 ὑπὸ
585 384 697 448 ΗΒΘ.
743 377 842 465 lom}
866 376 934 468 ἄρα
960 376 983 467 ἡ
1012 378 1099 469 πρὸς

77 489 123 576 τῷ
147 494 179 553 Ε
199 491 299 574 λοιπῇ
322 491 362 576 τῇ
385 484 468 575 πρὸς
489 489 536 577 τῷ
560 492 589 553 Θ
611 488 702 554 ἐστιν
725 494 795 572 ἴση·
820 484 1005 571 ἰσογώνιον
1029 485 1097 574 ἄρα

78 592 149 659 ἐστὶ
171 591 210 661 τὸ
230 601 335 662 ΖΔΕ
353 598 520 681 τρίγωνον
544 596 590 684 τῷ
609 599 710 661 ΗΘΒ
728 590 895 685 τριγώνῳ·
920 588 1095 679 ἀνάλογον

48 703 64 752 ⁶
84 697 149 788 ίίρα
172 699 263 768 ἐστὶν
286 697 332 779 ὥς
355 697 376 786 ἡ
396 707 463 768 ΖΔ
480 697 564 788 πρὸς
580 697 643 785 τὴν
661 705 700 767 Η
701 707 741 785 Β,
760 697 868 779 οὕτως
885 695 907 786 ἡ
926 705 994 767 ΖΕ
1009 697 1097 788 πρὸς

78 803 140 892 τὴν
167 812 236 874 ΗΘ
267 806 324 874 καὶ
356 802 471 892 ἡΕΔ
493 803 578 895 πρὸς
600 802 662 893 τὴν
685 811 761 875 ΘΒ.
810 808 946 894 ἐδείχθη
977 805 1017 874 δὲ
1038 805 1095 873 καῖ

80 909 167 1000 ὦςὴ
193 919 260 980 ΖΔ
281 912 366 1001 πρὸς
388 910 450 999 τὴν
469 918 550 998 ΗΒ,
574 911 681 991 οὕτως
703 908 725 998 ἡ
745 917 812 981 ΖΓ
831 909 917 1001 πρὸς
934 910 999 998 τὴν
1022 918 1098 981 ΗΑ

78 1019 134 1088 καὶ
168 1017 189 1108 ἡ
218 1026 281 1088 ΓΔ
306 1016 391 1108 πρὸς
416 1017 478 1104 τὴν
505 1026 586 1087 ΑΒ·
618 1018 674 1085 καὶ
705 1014 749 1100 ὡς
778 1015 844 1107 ἄρα
871 1015 892 1105 ἡ
921 1023 988 1085 ΖΓ
1010 1042 1097 1108 προς

78 1126 141 1213 τὴν
164 1131 251 1211 ΛΗ,
280 1123 386 1203 οὕτως
413 1122 435 1211 ἦ
462 1149 498 1192 τε
519 1130 583 1192 ΓΔ
605 1123 689 1212 πρὸς
716 1122 777 1211 τὴν
801 1131 867 1191 ΑΒ
896 1124 952 1191 καῖ
980 1120 1002 1210 ἡ
1032 1131 1100 1191 ΖΕ

27 1243 61 1292 10
79 1232 164 1320 πρὸς
200 1230 262 1318 τὴν
295 1236 364 1297 ΗΘ
399 1229 455 1297 καῖ
484 1234 531 1297 ἔτι
558 1228 580 1316 ἡ
614 1237 682 1297 ΕΛ
708 1228 792 1318 πρὸς
822 1229 885 1317 τὴν
919 1236 992 1298 ΘΒ.
1037 1229 1097 1298 καῖ

79 1339 148 1407 ἐπεὶ
173 1345 228 1422 ἴση
253 1336 344 1403 ἐστὶν
366 1333 387 1421 ἡ
411 1334 473 1422 μὲν
496 1333 564 1404 ὑπὸ
584 1342 684 1405 ΓΖΔ
705 1342 814 1422 γωνία
832 1341 870 1426 τῇ
890 1333 955 1405 ὑπὸ
977 1342 1096 1424 ΑΗΒ,

79 1441 162 1529 ἡδὲ
180 1438 247 1509 ὑπὸ
271 1448 376 1509 ΔΖΕ
396 1445 436 1530 τῇ
459 1438 527 1509 ὕπὸ
552 1447 663 1526 ΒΗΘ,
687 1442 749 1529 ὅλη
773 1440 839 1531 ίίρα
861 1439 882 1529 ἡ
906 1440 973 1511 ὑπὸ
997 1449 1100 1512 ΓΖΕ

81 1548 142 1637 ὅλη
170 1551 209 1638 τῇ
238 1545 304 1616 ὑπὸ
333 1554 440 1616 ΑΗΘ
472 1551 563 1617 ἐστιν
596 1557 661 1633 ἴση.
702 1545 759 1617 διὰ
786 1547 828 1617 τὰ
855 1547 941 1617 αὐτὰ
972 1548 1015 1636 δὴ
1038 1549 1097 1617 καῖ

80 1651 101 1742 ἡ
121 1651 188 1724 ὑπὸ
208 1660 312 1724 ΓΔΕ
326 1659 366 1744 τῇ
390 1652 457 1724 ὑπὸ
481 1661 585 1723 ΑΒΘ
606 1656 696 1722 ἐστιν
721 1661 786 1740 ἴση.
830 1658 899 1723 ἔστι
931 1654 969 1724 δὲ
991 1655 1050 1723 καὶ
1073 1652 1095 1742 ἡ

29 1770 62 1821 15
83 1762 145 1849 μὲν
167 1760 252 1849 πρὸς
274 1765 319 1855 τῷ
343 1767 376 1829 Γ
393 1765 432 1850 τῇ
456 1758 540 1847 πρὸς
562 1763 607 1853 τῷ
632 1768 664 1828 Α
686 1768 758 1845 ἴση,
785 1757 806 1847 ἡ
831 1759 869 1828 δὲ
891 1759 977 1849 πρὸς
998 1765 1046 1855 τῷ
1068 1770 1100 1830 Ε

79 1873 119 1956 τῇ
142 1867 225 1957 πρὸς
247 1872 293 1960 τῷ
318 1874 354 1936 Θ.
397 1867 578 1954 ἰσογώνιον
606 1864 671 1954 ίίρα
699 1866 768 1934 ἐστὶ
795 1865 833 1934 τὸ
857 1873 925 1934 ΑΘ
946 1871 993 1959 τῷ
1016 1874 1098 1936 ΓΕ·

79 1974 135 2040 καὶ
153 1973 211 2054 τὰς
225 1973 300 2059 περὶ
314 1970 373 2052 τὰς
392 1981 466 2051 ἴσας
483 1977 608 2057 γωνίας
626 1970 740 2041 αὐτῶν
758 1968 903 2060 πλευρὰς
921 1969 1096 2060 ἀνάλογον

80 2083 158 2165 ἔχει·
190 2077 310 2166 ὅμοιον
343 2073 409 2163 ἄρα
441 2076 511 2143 ἐστὶ
538 2074 575 2143 τὸ
601 2085 665 2144 ΑΘ
688 2075 932 2166 εὐθύγραμμον
960 2082 1007 2169 τῷ
1032 2087 1101 2148 ΓΕ

80 2181 320 2272 εὐθυγράμμῳ.

27 2299 62 2349 20
145 2284 225 2356 Ἀπὸ
252 2292 310 2375 τῆς
337 2292 497 2373 δοθείσης
524 2284 588 2375 ἄρα
616 2285 752 2370 εὐθείας
779 2293 837 2377 τῆς
864 2297 929 2358 ΑΒ
957 2298 1004 2380 τῷ
1040 2298 1099 2363 θο-

80 2396 176 2461 θέντι
200 2391 428 2485 εὐθυγράμμῳ
452 2395 497 2484 τῷ
517 2399 581 2460 ΓΕ
599 2391 719 2480 ὅμοιόν
741 2419 777 2462 τε
799 2395 855 2461 καὶ
879 2391 1005 2482 ὁμοίως
1027 2407 1097 2468 κεί-

80 2526 184 2587 μενον
208 2497 451 2589 εὐθύγραμμον
476 2498 723 2588 ἀναγέγραπται
746 2498 784 2568 τὸ
808 2508 886 2568 ΑΘ·
920 2500 1002 2593 ὅπερ
1027 2510 1098 2575 ἔδει

81 2612 226 2695 ποιησαι.

496 2720 498 2725 ’
560 2729 621 2799 ιθ’.

27 2861 62 2912 25
152 2855 204 2922 Τὰ
233 2853 351 2943 ὅμοια
377 2860 552 2944 τρίγωνα
580 2853 675 2941 πρὸς
703 2853 853 2942 ἄλληλα
882 2857 923 2923 ἐν
955 2860 1099 2927 διπλα-

82 2964 188 3028 σίονι
211 2961 312 3053 λόγῳ
332 2962 415 3030 ἐστὶ
437 2966 514 3031 τῶν
538 2959 745 3050 ὁμολόγων
768 2964 960 3050 πλευρῶν.

80 3106 293 3116 --ι--.-

152 3156 216 3210 XIX
235 3159 331 3214 coroll.
349 3157 522 3228 Philoponus
542 3157 572 3210 in
587 3157 659 3212 anal.
673 3159 746 3226 post.
764 3162 846 3213 117¹.
883 3157 994 3212 Psellus
1008 3177 1036 3229 p.
1052 3165 1099 3216 5⁷.

154 3323 176 3370 1.
197 3313 461 3442 ΒΗΘγἸ”ΒΉ”’Θ
479 3317 509 3370 F.
583 3324 607 3371 2.
627 3311 701 3388 ὑπό]
721 3333 774 3371 om.
789 3315 844 3385 Bp.
918 3317 976 3387 ἴση]
993 3332 1047 3372 om.
1063 3319 1096 3373 B.

116 3394 141 3442 4.
161 3388 263 3456 ΗΘΒ]
314 3389 348 3454 F3
372 3390 460 3444 ΗΒΘ
479 3388 686 3457 B,Vecorr.
705 3407 742 3442 m.
761 3394 921 3456 Qpcorr.
949 3403 983 3442 ex
1002 3390 1097 3443 ΗΘΘ

79 3479 117 3513 m.
138 3465 161 3515 1.
244 3464 269 3514 5.
289 3459 357 3530 ΖΔ]
379 3463 431 3512 ΔΖ
449 3460 480 3515 Ρ.
563 3459 896 3530 ZE]inras.m.2V.
970 3464 994 3512 6.
1015 3459 1094 3530 ΗΘ]
