2348 3818
94 132 160 198 344
468 134 671 187 Σοοιεειοο
688 131 733 191 ε’.

93 274 146 342 ὅτι
170 271 236 343 ὁΓ
253 271 315 342 τὸν
329 284 363 341 A
386 274 681 355 πολλαπλασιάσας
702 273 763 344 τὸν
778 284 810 343 A
832 281 1025 362 πεποίηκεν.
1057 278 1109 344 καῖ

94 380 164 448 ἐπεὶ
183 377 201 448 6
226 385 258 445 Γ
277 380 399 448 ἑαυτὸν
422 382 718 461 πολλαπλασιάσας
736 378 797 449 τὸν
816 389 850 449 A
872 389 1069 468 πεποίηκεν,
1088 375 1106 446 6

92 492 126 555 Γ
153 485 220 574 άρα
251 484 313 554 τὸν
343 496 377 553 A
409 500 523 576 μετρεῖ
551 484 635 554 κατὰ
668 485 727 567 τὰς
759 489 796 555 ἐν
828 484 920 580 αύτῷ
953 489 1110 575 μονάδας.

93 590 178 661 άλλδι
210 591 279 680 μὴν
309 592 366 659 καὶ
398 589 419 679 ἡ
451 595 558 678 μονὰς
589 589 650 660 τὸν
676 598 710 661 Γ
737 607 851 683 μετρεῖ
874 592 959 662 κατὰ
989 593 1052 675 τὰς
1073 595 1110 660 ἐν

58 696 185 791 ῠαύτῷ
209 699 371 785 μονάδας·
405 704 496 766 ἔστιν
519 697 585 787 άρα
609 695 656 779 ὡς
678 697 699 786 ἡ
723 698 828 786 μονὰς
850 698 935 790 πρὸς
953 698 1016 769 τὸν
1026 704 1067 783 Γ,
1090 695 1108 766 6

93 810 126 872 Γ
148 803 231 893 πρὸς
257 802 319 872 τὸν
343 813 384 872 Δ.
431 807 548 891 πάλιν,
578 805 648 874 ἐπεὶ
677 803 695 874 6
723 811 756 874 Γ
778 804 838 874 τὸν
862 818 896 875 A
923 811 1110 876 πολλαπλα·

94 911 212 991 στάσας
234 908 294 978 τὸν
314 920 346 979 A
368 916 558 998 πεποίηκεν,
582 909 650 979 6A
673 910 740 997 άρα
761 911 822 981 τὸν
837 922 869 979 A
890 926 1006 1000 μετρεῖ
1023 908 1108 976 κατὰ

93 1015 153 1097 τάς
177 1020 213 1084 ἐν
235 1020 281 1108 τῷ
305 1023 338 1084 Γ
355 1016 515 1103 μονάδας.
552 1031 666 1105 μετρεῖ
687 1016 726 1084 δὲ
747 1019 803 1085 καὶ
826 1015 847 1105 ἡ
870 1020 979 1104 μονὰς
997 1014 1060 1083 τὸν
1081 1020 1113 1082 Γ

93 1121 177 1190 κατὰ
204 1120 263 1202 τάς
291 1125 327 1191 ἐν
356 1121 445 1215 αὐτῷ
474 1124 635 1209 μονάδας·
674 1129 764 1193 ἔστιν
793 1122 859 1213 άρα
886 1121 933 1203 ὡς
960 1120 978 1208 ἡ
1003 1118 1110 1208 μονὰς

44 1241 77 1290 10
95 1226 178 1318 πρὸς
191 1228 251 1296 τὸν
266 1234 305 1313 Γ,
322 1225 340 1296 6
355 1236 389 1294 A
402 1225 486 1316 πρὸς
499 1228 560 1297 τὸν
571 1238 612 1297 A.
646 1225 720 1297 ἀλλ’
738 1226 783 1309 ὡς
796 1226 817 1316 ἡ
831 1228 939 1316 μονάς
950 1230 1037 1314 πρὸς
1051 1225 1111 1296 τὸν

94 1341 137 1421 Γ,
167 1332 185 1403 6
208 1340 240 1401 Γ
258 1331 343 1420 πρὸς
365 1332 427 1400 τὸν
451 1343 498 1401 Δ·
534 1335 589 1401 καὶ
613 1331 659 1414 ὡς
682 1333 747 1423 άρα
771 1332 792 1421 ἡ
815 1332 921 1420 μονάς
940 1332 1027 1423 πρὸς
1050 1330 1110 1402 τὸν

94 1446 132 1526 Γ,
157 1438 263 1517 οὕτως
282 1435 299 1506 ὁ
320 1446 352 1506 Γ
370 1438 454 1525 πρὸς
476 1439 537 1508 τὸν
556 1449 589 1507 A
611 1441 667 1507 καὶ
691 1437 709 1508 6
730 1449 764 1507 A
785 1439 869 1530 πρὸς
891 1441 949 1511 τὸν
964 1449 1005 1508 A.
1049 1440 1109 1526 τῆς

94 1543 160 1631 ἄρα
183 1544 331 1630 μονάδος
352 1547 409 1615 καὶ
431 1550 493 1615 τοῦ
507 1557 539 1615 A
562 1544 714 1635 άριθμού
738 1546 800 1615 δύο
825 1549 918 1634 μέσοι
938 1544 1112 1632 άνάλογον

95 1650 176 1719 κατά
200 1650 238 1720 τὸ
263 1652 399 1739 συνεχὲς
423 1653 674 1738 ἐμπεπτώκασιν
697 1652 839 1741 άριδμοδ
863 1657 899 1721 ού
913 1659 952 1739 Γ,
973 1660 1015 1721 Δ.
1052 1651 1112 1718 πά·

44 1770 75 1820 15
95 1765 165 1843 λιν,
190 1759 259 1826 ἐπεὶ
283 1758 301 1827 6
326 1767 359 1825 A
382 1757 503 1828 ἑαυτὸν
526 1759 817 1839 πολλαπλασιάσας
840 1759 899 1827 τὸν
923 1765 951 1824 Β
975 1763 1113 1843 πεποίη-

94 1891 163 1951 κεν,
188 1862 206 1932 6
231 1875 262 1933 A
286 1863 353 1954 άρα
375 1866 435 1933 τὸν
458 1874 487 1933 Β
511 1879 625 1952 μετρεῖ
644 1865 727 1933 κατὰ
751 1865 810 1945 τάς
834 1869 869 1935 ἐν
894 1861 984 1956 αὑτῷ
1009 1863 1113 1950 μονά-

96 1975 164 2050 δας.
197 1985 310 2060 μετρεῖ
330 1972 368 2040 δὲ
391 1972 447 2038 καὶ
469 1969 490 2058 ἡ
517 1969 623 2058 μονάς
646 1971 706 2039 τὸν
726 1981 757 2039 Α
779 1970 860 2040 κατά
885 1968 945 2049 τάς
963 1972 1001 2038 ἐν
1020 1969 1113 2060 αύτῷ

95 2076 257 2162 μονάδας·
291 2084 382 2145 ἔστιν
412 2076 478 2166 άρα
505 2074 550 2157 οἱς
577 2075 597 2163 ἡ
626 2077 734 2163 μονάς
760 2075 843 2166 πρὸς
869 2075 930 2144 τὸν
959 2085 1007 2161 A,
1039 2072 1058 2143 6
1084 2083 1115 2142 A

97 2182 181 2270 πρὸς
207 2181 268 2250 τδν
291 2191 329 2250 Β.
375 2187 435 2270 τῆς
463 2184 501 2250 δὲ
531 2181 679 2269 μονάδος
705 2185 761 2250 καὶ
788 2187 850 2251 τοῦ
867 2192 900 2250 Α
930 2183 992 2250 δύο
1017 2183 1115 2268 μέσοι

44 2301 79 2350 20
98 2285 269 2372 άνάλογον
293 2290 546 2373 ἐμπεπτώκασιν
569 2286 725 2377 ἀριθμοί·
754 2290 900 2356 καὶτῶν
924 2297 972 2373 Α,
996 2295 1025 2354 Β
1050 2286 1116 2372 άρα

98 2390 161 2460 δύο
184 2395 279 2479 μέσοι
298 2391 468 2481 άνάλονον
487 2397 710 2483 ἐμπεσοῦνται
729 2394 877 2481 άριδμοί.
911 2391 971 2460 ἐὰν
993 2391 1030 2460 δὲ
1051 2393 1116 2461 δύο

97 2498 255 2586 άριδμῶν
280 2499 343 2569 δύο
368 2503 464 2588 μέσοι
488 2499 655 2587 ἀνάλογον
680 2503 895 2588 ἐμπίπτωσιν,
922 2500 939 2566 6
964 2498 1002 2566 δὲ
1025 2503 1117 2587 πρῶ-

96 2633 153 2686 τος
179 2608 282 2692 κύβος
304 2599 344 2696 ᾗ,
374 2608 429 2675 καὶ
453 2600 471 2675 6
496 2609 652 2693 δεύτερος
675 2608 779 2692 κύβος
802 2611 900 2674 ἔσται.
944 2611 1003 2672 κατ’
1024 2605 1117 2672 ἐστιν

98 2709 116 2779 6
144 2722 177 2779 A
208 2713 323 2798 κύβος·
364 2713 426 2779 καὶ
460 2709 478 2780 6
510 2720 535 2779 B
564 2711 629 2800 άρα
658 2712 762 2796 κύβος
794 2713 897 2779 ἐστίν·
931 2708 1013 2798 ὅπερ
1048 2715 1118 2778 ἔδει

45 2840 80 2888 τε
101 2820 214 2898 δεῖξαι.

583 2943 625 3008 δ’.

164 3060 250 3130 Ἐὰν
284 3063 404 3148 κύβος
440 3059 615 3149 άριθμδς
651 3062 776 3147 κύβον
814 3058 989 3149 ἀριθμὸν
1026 3069 1119 3129 πολ-

170 3266 195 3315 1.
215 3261 351 3328 πεποίηκε
371 3259 432 3326 th.
507 3264 532 3312 2.
552 3258 688 3324 πεποίηκε
708 3257 770 3324 Vm.
844 3252 920 3326 ὁΓ]
947 3258 1048 3325 postea
1073 3257 1117 3312 in·

99 3333 162 3386 sert.
183 3332 213 3385 B.
270 3337 294 3384 5.
313 3326 376 3400 τόν]
396 3345 451 3384 om.
470 3327 501 3382 Β.
540 3323 628 3390 οὕτως
648 3325 663 3380 ὁ
682 3327 713 3384 Β.
769 3335 793 3382 6.
812 3322 871 3396 τόν]
892 3326 992 3396 (prius)
1012 3322 1066 3383 οδε.
1084 3328 1117 3383 Β.

100 3408 123 3456 7.
144 3402 185 3472 A]
205 3419 261 3470 seq.
280 3417 334 3455 ras.
356 3405 369 3452 1
389 3400 445 3453 litt.
466 3417 496 3466 φ.
554 3405 594 3454 13.
611 3398 663 3453 καὶ
681 3398 749 3483 τοῦ]
767 3398 811 3452 bis
826 3418 856 3466 φ,
877 3398 927 3451 sed
946 3414 1016 3453 corr.
1074 3405 1117 3454 18.

98 3468 189 3535 ούτας
208 3468 224 3525 6
241 3473 272 3526 B.
331 3465 449 3542 19.τόν]
470 3485 524 3523 om.
543 3470 574 3523 B.
630 3475 672 3523 20.
692 3463 840 3537 άναλοονον
860 3488 890 3536 φ.
929 3463 1050 3539 άριδμολ
1071 3467 1118 3540 ἒμ-
