2348 3818
91 157 132 223 76
468 157 668 210 Συουσοιαα
687 153 728 211 ς’.

88 307 194 369 ΑΘΓ
220 305 401 389 τρίγωνον,
433 303 493 385 τῆς
525 298 562 366 δὲ
589 304 652 366 ΓΔ
678 297 808 384 βάσεως
834 297 890 365 καὶ
916 299 977 365 τοῦ
998 302 1110 366 ΑΔΓ
1156 383 1162 397 1

89 405 257 493 τριγώνου
284 404 384 490 άλλα,
413 402 433 471 ἃ
462 410 592 491 ἔτυχεν,
622 403 729 484 λσάιιις
756 402 987 472 πολλαπλάσια
1015 403 1039 490 ἦ
1068 429 1106 472 τε

91 517 159 580 ΑΓ
177 511 275 598 βάσις
292 511 348 578 καὶ
365 513 403 579 τὸ
427 517 533 580 ΑΛΓ
551 516 732 599 τρίγωνον·
758 510 815 578 καὶ
838 510 1014 594 δέδεικται,
1040 507 1105 595 ὅτι,

91 622 122 686 ελ
151 615 302 707 ὑπερέχει
333 615 354 705 ἡ
388 623 453 686 ΘΓ
479 616 577 704 βάσις
603 621 662 704 τῆς
688 622 749 684 ΓΑ
776 616 919 703 βάσεως,
949 613 1106 704 ὑπερέχει

57 724 147 796 final
174 722 212 791 τὸ
241 729 343 791 ΑΘΓ
364 730 530 812 τρίγωνον
558 727 619 790 τοῦ
647 728 755 791 ΑΛΓ
776 721 960 812 τριγώνου,
991 722 1050 789 καὶ
1074 726 1109 790 ελ

93 839 164 916 ἴση,
189 839 280 915 ἴσον,
302 831 358 898 καλ
382 834 412 898 εἰ
434 829 601 915 ἐλάσσων,
625 833 780 897 ἔλασσον·
809 833 899 896 ἔστιν
923 827 988 917 άρα
1011 825 1105 915 ώςὴ

93 942 158 1003 ΒΓ
190 935 287 1023 βάσις
323 936 407 1026 πρὸς
441 935 503 1024 τὴν
534 941 601 1003 ΓΔ
637 935 752 1022 βάσιν,
790 933 897 1014 οὕτως
932 935 970 1003 τὸ
1004 939 1114 1004 ΑΒΓ

91 1048 258 1130 τρίγωνον
281 1041 365 1130 πρὸς
386 1039 424 1109 τὸ
449 1048 554 1110 ΑΓΔ
574 1043 762 1131 τρίγωνον]

90 1162 95 1167 “
161 1149 229 1216 Καὶ
253 1149 322 1215 ἐπεὶ
343 1151 405 1216 τοῦ
429 1147 490 1234 μὲν
514 1153 616 1216 ΑΒΓ
634 1146 802 1233 τριγώνου
830 1145 1010 1215 διπλάσιόν
1034 1147 1107 1214 ἐστι

42 1277 75 1326 10
93 1252 135 1323 τὸ
161 1260 228 1323 ΕΓ
250 1252 611 1343 παραλληλόγραμμον,
644 1258 705 1322 τοῦ
738 1253 776 1321 δὲ
808 1261 908 1322 ΑΓΔ
936 1254 1107 1343 τριγώνου

95 1358 274 1428 διπλάσιόν
311 1361 380 1426 ἐστι
415 1357 448 1427 τί
491 1365 556 1426 ΖΓ
588 1358 952 1448 παραλληλόγραμμον,
987 1359 1030 1428 τὰ
1068 1359 1109 1428 δὲ

95 1465 177 1552 μέρη
210 1479 280 1545 τοῖς
312 1463 470 1545 ώσαύτως
505 1472 766 1545 πολλαπλασίοις
801 1465 860 1535 τὸν
898 1464 1003 1535 αὐτὸν
1041 1470 1111 1555 ἔχει

95 1570 214 1658 λόγον,
252 1576 342 1640 ἔστιν
375 1569 440 1660 άρα
477 1569 522 1652 ώς
558 1572 596 1640 τὸ
625 1577 729 1640 ΑΒΓ
755 1578 922 1659 τρίγωνον
952 1571 1037 1660 πρὸς
1068 1573 1110 1643 τὸ
1151 1631 1154 1635 .

96 1684 195 1747 ΑΓΔ
225 1683 407 1767 τρίγωνον,
446 1681 552 1759 οὕτως
587 1678 625 1747 τὸ
663 1683 729 1745 ΕΓ
756 1678 1111 1767 παραλληλόγραμμον

44 1805 77 1855 15
96 1784 179 1872 πρὸς
205 1783 243 1853 τὸ
272 1791 337 1852 ΖΓ
359 1785 717 1873 παραλληλόγραμμον.
768 1784 838 1852 ἐπεὶ
867 1776 930 1852 οὖν
958 1787 1110 1872 ἐδείχθη,

97 1889 142 1971 ώς
173 1891 234 1979 μὲν
261 1888 282 1976 ἡ
306 1897 373 1958 ΒΓ
391 1892 488 1976 βάσις
515 1892 598 1978 πρὸς
621 1889 683 1977 τὴν
706 1897 784 1978 ΓΔ,
815 1891 921 1970 οὕτως
943 1888 981 1958 τὸ
1004 1897 1115 1960 ΑΒΓ

96 2003 263 2084 τρίγωνον
286 1993 369 2082 πρὸς
395 1994 434 2062 τὸ
467 2002 567 2063 ΑΓΔ
593 2002 776 2082 τρίγωνον,
807 1993 851 2075 ώς
879 1996 917 2064 δὲ
943 1994 981 2063 τδ
1005 2003 1115 2066 ΑΒΓ

97 2107 264 2188 τρίγωνον
296 2099 380 2186 πρὸς
417 2098 454 2167 τὸ
488 2107 591 2168 ΑΓΔ
622 2107 802 2188 τρίγωνον,
836 2101 942 2181 οὕτως
972 2100 1011 2169 τὸ
1046 2110 1117 2173 ΕΓ

99 2204 445 2293 παραλληλόγραμμον
472 2205 557 2294 πρὸς
584 2207 621 2276 τὸ
645 2208 710 2294 λΓΖ
742 2207 1109 2297 παραλληλόγραμμον,

45 2333 79 2382 20
98 2313 153 2380 καὶ
178 2310 222 2392 ὡς
245 2312 311 2400 άρα
333 2311 354 2399 ἡ
378 2319 443 2381 ΒΓ
462 2312 559 2400 βάσις
581 2313 664 2401 πρὸς
686 2315 748 2401 τὴν
771 2321 834 2382 ΓΔ
857 2315 972 2401 βάσιν,
1001 2316 1112 2397 οὕτως

99 2417 135 2486 τὸ
161 2424 227 2486 ΕΓ
251 2418 598 2506 παραλληλόγραμμον
627 2419 710 2507 πρὸς
736 2419 774 2487 τὸ
808 2427 871 2487 ΖΓ
898 2422 1113 2509 παραλληλό-

98 2550 262 2612 ιονιννν

170 2631 218 2699 Τὰ
257 2630 322 2717 άρα
357 2635 505 2718 τρίγωνα
541 2631 595 2697 καὶ
632 2629 672 2698 τά
704 2632 1033 2723 παραλληλόγραμμα
1072 2634 1114 2701 τὰ

100 2735 166 2806 ὑπὸ
199 2736 237 2804 τὸ
270 2734 353 2804 αὐτὸ
385 2736 472 2816 ὕψος
500 2735 582 2805 ὄντα
609 2737 693 2827 πρὸς
723 2736 850 2826 άλληλά
880 2742 970 2809 ἐστιν
1001 2738 1049 2820 ώς
1079 2743 1119 2808 αλ

47 2858 81 2908 25
103 2842 229 2930 βάσεις·
254 2842 335 2931 ὅπερ
359 2846 426 2909 ἔδει
450 2844 564 2924 δεῖξαι.

583 3019 616 3103 pl

167 3141 254 3211 Ἐάν
296 3143 497 3230 τριγώνου
538 3143 641 3231 παρὰ
683 3150 776 3231 μίαν
813 3149 889 3213 τών
931 3152 1116 3237 πλευρών

101 3250 204 3338 ἀχθῇ
228 3275 286 3329 τις
310 3247 464 3336 εὐθεῖα,
488 3249 689 3336 ἀνάλογον
712 3264 823 3336 τεμεῖ
843 3250 911 3330 τὰς
932 3257 1003 3321 τοῦ
1032 3281 1115 3338 τρι-

175 3434 199 3482 2.
219 3421 256 3498 ἅ]
278 3426 411 3496 supraF.
498 3433 521 3480 3.
542 3427 613 3497 ΛΓ]
634 3427 735 3483 MP.
823 3434 848 3481 4.
875 3429 939 3500 ΓΛ]
963 3430 1035 3485 Ain
1059 3447 1114 3488 ras.

91 3517 128 3554 m
146 3497 295 3565 2P;AI'
306 3499 336 3553 F.
414 3504 437 3554 6.
460 3497 517 3569 ἴση]
534 3499 594 3553 ἴσον
609 3497 643 3567 Β,
657 3498 812 3566 ewam.
823 3517 864 3553 m.
876 3506 905 3554 υ.
976 3496 1115 3573 ἐλάσσων]
