2310 3824
999 88 1015 121 Q

72 163 137 230 193
451 164 654 217 Στοωειωα
673 160 708 229 ς’.

72 309 210 393 μέτρον,
239 303 393 392 μετρήσει
421 332 471 385 τις
497 302 576 385 τοὺς
605 316 651 390 A,
671 313 715 392 Β,
734 311 767 372 Γ
793 300 964 392 ἀριθμοὺς
991 301 1091 391 ἀριθ-

70 412 132 499 μὸς
155 418 274 498 μείζων
298 408 347 480 ὢν
370 416 431 480 τοῦ
454 420 492 479 Β.
538 417 705 498 μετρείτω,
728 411 784 478 καὶ
808 416 890 478 έστω
915 411 934 478 6
956 418 992 479 Z.
1033 413 1091 479 καὶ

70 520 141 586 ἐπεὶ
165 516 183 586 6
208 525 236 584 Ζ
258 516 337 596 τοὺς
360 527 403 604 A,
422 525 462 603 Β,
482 523 514 584 Γ
532 530 655 606 μετρεῖ,
678 517 734 584 καὶ
753 514 832 596 τοὺς
851 526 892 601 A,
912 523 941 583 Β
964 532 1091 606 μετρεῖ

68 625 124 692 καὶ
156 622 193 692 τὸ
227 627 295 690 τῶν
323 633 354 690 A
362 630 418 708 ,Β
446 621 527 711 ἅρα-
545 626 701 709 μέγιστον
728 620 846 690 κοινὸν
878 624 1002 709 μέτρον
1035 651 1088 710 με·

34 729 192 818 στρήσει.
246 727 284 796 τὸ
319 727 357 796 δέ
388 733 456 797 τῶν
488 737 535 815 A,
554 737 583 797 Β
616 731 772 815 μέγιστον
808 729 927 796 κοινὸν
965 732 1092 818 μέτρον

68 837 159 904 ἐστὶν
192 837 210 906 6
241 843 288 902 A·
321 836 339 904 6
369 843 396 902 Ζ
426 837 493 922 ἄρα
520 834 581 904 τὸν
610 842 643 902 A
671 849 794 923 μετρεῖ·
826 849 941 923 μετρεῖ
966 836 1006 904 δὲ
1033 841 1092 906 καὶ

66 941 129 1012 τὸν
147 950 188 1011 Γ·
212 944 229 1012 6
255 951 282 1010 Ζ
306 941 372 1030 ἄρα
395 940 474 1022 τοὺς
497 950 545 1027 A,
565 947 597 1010 Γ
616 955 738 1028 μετρεῖ·
761 943 817 1009 καὶ
840 939 877 1009 τὸ
901 946 971 1010 τῶν
997 954 1042 1028 A,
1065 952 1096 1013 Γ

68 1047 134 1137 ἄρα
158 1051 314 1136 μέγιστον
336 1046 454 1115 κοινὸν
477 1050 599 1135 μέτρον
622 1047 785 1135 μετρήσει.
830 1046 868 1115 τὸ
893 1048 932 1117 δέ
953 1054 1025 1118 τῶν
1046 1061 1090 1140 A,

67 1161 101 1222 Γ
122 1157 280 1242 μέγιστον
307 1152 426 1221 κοινὸν
454 1156 577 1242 μέτρον
604 1155 695 1223 ἐστὶν
720 1155 738 1224 6
763 1163 805 1222 E·
834 1151 852 1221 6
878 1162 905 1221 Z
936 1155 1005 1244 ἄρα
1028 1158 1091 1227 τὸν

17 1278 50 1328 10
69 1267 101 1327 E
123 1274 235 1347 μετρεῖ
261 1259 278 1327 6
304 1264 424 1345 μείζων
446 1257 507 1327 τὸν
532 1260 710 1329 ἐλάσσονα·
739 1258 820 1348 ὅπερ
845 1262 937 1328 ἐστὶν
960 1260 1090 1333 ἀδύνα-

67 1391 135 1434 τον.
187 1365 249 1433 οὐκ
280 1364 346 1450 ἄρα
378 1363 457 1445 τοὺς
483 1374 526 1452 A,
546 1373 586 1452 Β,
605 1372 638 1433 Γ
661 1364 829 1453 ἀριθμοὺς
858 1365 1009 1455 ἀριθμός
1041 1397 1089 1450 τις

67 1579 225 1665 μέγιστόν
249 1582 318 1648 ἐστι
340 1578 458 1648 κοινὸν
482 1581 617 1666 μέτρον·
643 1575 723 1664 ὅπερ
748 1581 815 1644 ἔδει
840 1581 955 1660 δεῖξαι.

555 1775 597 1841 6'.

20 1914 53 1963 15
132 1897 249 1979 ’Ἅπας
281 1897 453 1986 ἀριθμὸς
480 1896 627 1976 παντὸς
654 1895 829 1985 ἀριθμοῦ
859 1895 877 1966 6
907 1899 1086 1968 ἐλάσσων

66 2007 136 2072 τοῦ
159 2011 340 2089 μείζονος
362 2007 451 2090 ήτοι
474 2004 592 2089 μέρος
616 2004 724 2070 ἐστὶν
748 1999 768 2089 6
793 2004 899 2089 μέρη.

123 2108 298 2177 Ἔστωσαν
323 2108 386 2177 660
410 2106 552 2193 ἀριθμοὶ
577 2110 611 2174 06
632 2118 678 2194 A,
699 2115 771 2195 ΒΓ,
794 2109 851 2176 καὶ
875 2114 958 2178 ἔστω
989 2112 1085 2181 ἐλάσ-

66 2233 137 2281 σων
161 2212 179 2282 6
203 2221 279 2283 ΒΓ·
303 2216 403 2300 λέγω,
429 2211 480 2281 ὅτι
504 2209 522 2280 6
547 2219 613 2280 ΒΓ
631 2219 692 2283 τοῦ
714 2226 746 2283 Α
768 2215 842 2301 ήτοι
868 2218 968 2304 μέρος
992 2220 1087 2288 ἐστὶν

72 2317 87 2343 ”
137 2322 154 2386 έ
197 2373 204 2387 ,

17 2346 86 2491 1οη
112 2347 194 2494 μθεέη
207 2435 252 2513 A,
273 2432 340 2493 ΒΓ
367 2424 432 2513 γὰρ
464 2425 540 2513 ήτοι
564 2431 695 2515 ’πρῶτοι
727 2427 811 2516 πρὸς
840 2428 1008 2516 ἀλλήλους
1040 2438 1084 2499 εἰ·

65 2534 121 2603 σὶν
144 2531 165 2620 6
190 2533 241 2602 06.
287 2537 435 2600 ἔστωσαν
458 2535 622 2621 πρότερον
646 2536 680 2600 οῖ
698 2544 745 2619 A,
766 2542 831 2603 ΒΓ
850 2542 976 2624 πρῶτοι
1000 2537 1085 2625 πρὸς

66 2694 281 2707 -Q

139 2790 162 2839 1
182 2777 338 2867 ἀριθμούς]
359 2797 412 2835 om.
431 2783 461 2835 P.
535 2788 560 2836 4.
580 2778 648 2852 ἄρα]
669 2798 722 2837 om.
743 2780 775 2837 V.
850 2780 952 2852 μέτρον
981 2799 1035 2839 om.
1051 2785 1081 2841 Ρ

67 2859 90 2908 7.
110 2849 173 2917 τόν]
192 2849 277 2918 τόΒ,
298 2852 347 2906 sed
366 2868 434 2906 corr
507 2849 558 2923 τό]
578 2869 715 2922 supram
736 2853 799 2908 1Ρ.
874 2859 907 2921 A,
924 2858 951 2907 Γ
982 2871 1081 2910 ecorr

65 2942 102 2977 m
122 2923 190 2978 2V.
274 2928 316 2976 11.
335 2917 353 2975 6
356 2919 487 2995 ριθμούς]
509 2940 598 2992 comp
618 2925 651 2989 Γ,
674 2940 728 2978 om
747 2923 804 2994 Vp
889 2931 930 2978 13
968 2928 1080 2981 osz.

65 2993 135 3048 Post
153 2992 256 3063 μέτρον
277 2994 341 3048 add.
361 2993 426 3048 BV:
451 2995 535 3063 τριῶν
559 2993 615 3063 ἄρα
640 2965 771 3063 έριθμῶν
795 2994 941 3049 δοθέντων
960 2992 1083 3065 ηὕρηται

64 3061 97 3117 τὸ
109 3066 239 3147 μέγιστον
249 3061 346 3119 κοινὸν
361 3065 471 3147 μέτρον.
527 3066 637 3135 δεῖξαι]
652 3064 687 3117 Ρ·
681 3067 819 3134 ,ποιήσαι
833 3065 930 3121 Theon
945 3067 1080 3156 (13va).

66 3135 229 3204 Seq.1np,
249 3135 319 3190 Bin
338 3154 393 3206 mg.
413 3136 469 3191 imo
488 3155 525 3190 m
546 3142 560 3189 1
570 3136 692 3223 ,Vmg
712 3154 747 3189 m
768 3144 797 3190 2:
817 3133 954 3225 πόρισμα
992 3134 1024 3192 εἰι
1044 3135 1080 3206 δή

65 3209 146 3292 (erae.
171 3206 205 3291 Β)
234 3203 335 3262 τούτου
360 3201 479 3295 (τούτων
492 3207 537 3295 V)
563 3206 703 3296 φανερόν,
726 3203 769 3262 ὅτι
792 3203 844 3262 έέιν
863 3204 988 3297 ἀριθμὸς
1006 3217 1080 3295 τρεῖς

65 3273 208 3365 ἀριθμοὺς
217 3279 325 3368 μετρή,
344 3274 439 3331 καὶ
412 3298 442 3332 το
463 3275 597 3365 μέγιστον
614 3276 708 3332 αὐτῶν
734 3275 831 3332 κοινὸν
855 3277 956 3364 μέτρον
981 3277 1079 3366 μετρή-

65 3368 116 3403 σει.
155 3344 259 3436 ὁμοίως
287 3345 318 3402 δέ
346 3349 393 3402 καὶ
417 3346 556 3402 πλειόνων
575 3344 711 3436 ἀριθμῶν
735 3347 881 3403 δοθέντων
904 3347 942 3433 μή
961 3347 1079 3438 πρρέτων

64 3418 136 3505 πρὸς
164 3416 309 3487 αλλήλονς
326 3415 358 3473 τὸ
388 3418 518 3507 μέγιστον
547 3415 642 3473 αὐτῶν
669 3423 734 3487 (om.
762 3419 823 3488 Vp)
850 3416 949 3475 κοινὸν
977 3420 1079 3489 μέτρον

52 3486 221 3559 ον’ρίσαεται
241 3487 339 3546 ναὶ
311 3511 342 3547 το
363 3488 487 3563 πόρισμα
511 3488 694 3562 προχωρήσει
730 3489 954 3545 PraetereaV'
945 3508 976 3545 1n
998 3495 1078 3546 textu
