2348 3818
94 168 160 233 436
508 168 697 220 Amnon.

94 309 171 397 γάρ,
194 307 268 377 ἀλλ’
296 313 326 377 εἰ
349 307 510 394 δυνατόν,
534 312 617 376 ἔστω
636 312 775 388 διπλοῦς
794 308 812 376 6
831 311 865 374 Γ
879 311 942 375 τοῦ
960 315 1000 376 Β.
1043 313 1109 375 ἔστι

96 416 133 484 δὲ
160 419 216 483 καὶ
241 442 258 484 ο
282 424 315 482 Α
337 419 399 483 τοῦ
420 420 454 483 Γ
471 420 642 504 τριπλοῦς·
669 414 844 503 γενήσεται
867 412 934 500 ἄρα
956 415 1012 481 καλ
1038 413 1056 482 6
1080 423 1109 481 A

95 525 156 589 τοῦ
179 529 208 589 Β
232 521 403 603 ἑξαπλοῦς.
442 520 615 590 ὑπόκειται
638 521 676 589 δὲ
699 523 849 600 διπλοῦς·
873 518 955 605 ὅπερ
976 518 1109 588 ἄτοπον.

95 625 158 696 οὐκ
172 625 238 714 ἄρα
253 632 344 695 ἔσται
359 627 377 696 6
397 632 430 695 Γ
442 631 502 695 τοί
522 635 550 695 Β
570 630 718 706 διπλοῦς.
751 626 875 715 δμοίως
889 629 931 712 δὴ
948 628 1110 714 δείξομεν,

60 731 147 802 δὸτι
176 729 250 801 οὐδ’
281 731 386 802 ἄλλον
417 735 521 820 λόγον
549 737 614 819 ἔχει
643 733 661 802 6
690 740 718 800 Β
746 736 830 822 πρὸς
856 735 916 802 τὸν
948 738 982 801 Γ
1010 732 1111 820 παρὲξ

93 843 157 906 τοῦ
179 838 344 925 ἡμιολίου.
798 842 803 847 ’

535 964 595 1049 lx,
618 967 670 1032 ιι.

521 1101 674 1184 Ἄλλως.

155 1225 203 1296 Ἦ
230 1226 285 1294 καὶ
319 1223 438 1305 οὕτως·
471 1226 540 1295 ἐπεὶ
574 1219 637 1296 οὖν
674 1227 692 1296 6
726 1234 792 1297 AB
824 1226 977 1317 περιττός
1010 1229 1111 1312 ἐστιν,

44 1360 78 1409 10
98 1331 287 1424 ἀφῃρήσθω
311 1329 368 1398 ἀπ’
394 1330 499 1400 αὐτοῦ
521 1337 629 1420 μονὰς
647 1333 667 1421 ἡ
689 1341 764 1401 ΖΒ·
788 1337 904 1413 λοιπὸς
922 1331 989 1422 ἄρα
1009 1333 1027 1401 6
1047 1341 1110 1400 ΑΖ

97 1439 210 1530 ἄρτιός
238 1441 337 1506 ἐστιν.
381 1437 483 1505 πάλιν
511 1439 580 1507 ἐπεὶ
609 1440 627 1508 6
655 1445 723 1509 ΒΓ
744 1439 893 1529 περιττός
920 1442 1029 1526 ἐστιν,
1056 1447 1115 1508 καί

98 1550 166 1615 ἐστι
190 1547 295 1632 μονὰς
318 1542 338 1630 ἡ
364 1551 442 1630 ΖΒ,
470 1542 584 1631 ἄρτιος
607 1543 673 1632 ἄρα
701 1546 719 1614 6
744 1553 813 1615 ZI'.
860 1552 927 1614 ἔστι
953 1545 1070 1615 δὲκαὶ
1093 1545 1110 1614 6

97 1659 163 1719 ΛΖ
190 1652 312 1740 ἄρτιος.
357 1651 412 1718 καὶ
440 1649 517 1730 ὅλος
544 1651 609 1741 ἄρα
638 1652 656 1720 6
680 1657 749 1721 ΑΓ
772 1650 885 1739 ἄρτιός
908 1655 1010 1722 ἐστιν.
1056 1656 1112 1721 διὰ

97 1761 137 1826 τὰ
167 1757 251 1825 αὐτὰ
281 1762 322 1844 δη
350 1757 406 1824 καὶ
430 1757 448 1824 6
472 1763 536 1825 ΓΕ
563 1756 678 1845 ἄρτιός
701 1759 800 1828 ἐστιν.
847 1757 1009 1826 ὥστεκαὶ
1034 1761 1111 1838 ὅλος

46 1865 116 1933 156
141 1872 209 1932 ΑΕ
230 1863 344 1951 ἄρτιός
367 1866 465 1932 ἐστιν.

98 2010 311 2019 ———-..--—-

169 2083 194 2130 4.
214 2072 287 2148 ἄρα]
307 2098 355 2131 nn
374 2097 403 2145 φ.
455 2077 586 2145 διπλοῦς]
605 2077 736 2144 τριπλοῦς
754 2075 815 2146 Vm.
868 2084 892 2133 7.
912 2075 933 2130 F
953 2076 1029 2133 solus
1048 2081 1113 2147 post

100 2143 187 2216 ἐσιιν,
207 2150 271 2203 ante
292 2143 361 2217 ὅπερ
380 2168 406 2218 p.
426 2155 487 2215 392,
508 2155 548 2202 13.
623 2153 647 2202 8.
667 2143 771 2219 ἄλλως]
792 2165 845 2202 om.
865 2148 895 2202 F.
