2348 3818
90 154 158 221 422
501 155 691 208 mmm

90 297 147 365 καὶ
179 294 398 382 παραβληθὲν
425 293 464 362 τὸ
492 301 560 363 ΑΛ
588 295 741 364 ἐλλεῖπον
769 297 852 362 εῖδει
878 295 924 384 τῷ
950 299 1018 360 AB
1025 343 1036 378 ,
1061 292 1118 359 καὶ

90 402 361 492 παραβεβλήσθω
384 399 487 469 πάλιν
509 398 599 487 παρὰ
622 399 684 487 τὴν
707 408 773 468 AB
796 396 834 468 τὸ
857 407 927 467 ΑΕ
944 405 1118 486 παραλλη-

91 508 287 592 λόγραμμον
320 507 472 574 ἐλλεῖπον
503 509 550 598 τῷ
583 512 648 572 ΕΒ
686 501 792 597 ὁμοίῳ
827 529 863 573 τε
893 503 953 572 καὶ
991 502 1118 592 ὁμοίως

91 613 232 703 κειμένῳ
262 616 308 704 τῷ
340 610 409 680 ἀπὸ
441 615 500 699 τῆς
533 608 686 699 ἡμισείας
716 614 763 703 τῷ
796 619 871 680 ΛΒ.
924 612 1033 698 λέγω,
1067 609 1117 680 ὅτι

54 738 72 788 σ
91 716 205 804 μεῖζόν
229 720 297 785 ἐστι
320 715 357 785 τὸ
381 714 446 785 ἀπὸ
470 720 528 804 τῆς
551 714 705 804 ἡμισείας
731 715 952 805 παραβληθὲν
980 715 1023 784 τὸ
1049 725 1116 785 AA

92 826 156 890 τοῦ
180 829 254 891 ΑΕ.

155 926 245 996 Ἐπεὶ
273 927 338 1015 γὰρ
367 928 487 1016 ὅμοιόν
516 932 585 998 ἐστι
611 927 649 996 τὸ
677 935 741 995 ΕΒ
768 930 814 1020 τῷ
839 935 920 1013 AB,
945 930 1025 1018 περὶ
1054 928 1117 1017 τὴν

92 1031 199 1120 αὐτήν
227 1037 292 1102 είσι
316 1034 505 1123 διάμετρον.
551 1039 634 1102 ἔστω
663 1030 775 1102 αὐτῶν
799 1033 976 1121 διάμετρος
1003 1032 1027 1121 ἡ
1053 1042 1116 1102 ΕΒ

90 1141 146 1208 καὶ
173 1139 443 1229 καταγεγράφθω
470 1140 508 1209 τὸ
538 1144 655 1227 σχῆμα.
700 1127 857 1209 καίέπελ
881 1149 958 1209 ἴσον
981 1142 1056 1209 ἐστὶ
1078 1139 1116 1208 τὸ

40 1267 73 1317 1ο
92 1252 156 1314 ΛΖ
179 1251 224 1338 τῷ
248 1253 328 1332 ΛΘ,
353 1245 422 1313 ἐπεὶ
444 1246 500 1312 καὶ
523 1243 544 1332 ἡ
569 1252 642 1312 ΖΗ
658 1249 698 1333 τῇ
727 1252 809 1331 ΗΘ,
838 1252 950 1333 μεῖζον
980 1244 1051 1335 ἄρα
1078 1246 1115 1316 τὸ

91 1358 155 1420 ΛΖ
178 1355 240 1419 τοῦ
263 1359 341 1419 ΚΕ.
387 1359 463 1418 ίσον
491 1350 529 1418 δὲ
556 1350 594 1418 τὸ
619 1358 684 1419 ΛΖ
706 1355 752 1444 τῷ
777 1359 856 1419 ΔΛ.
903 1359 1018 1438 μεῖζον
1050 1351 1117 1441 ἄρα

90 1456 147 1522 καὶ
174 1455 211 1523 τὸ
241 1463 311 1522 ΔΛ
338 1459 398 1526 τοῦ
426 1464 504 1526 ΕΚ.
549 1455 668 1526 κοινὸν
699 1462 939 1545 [προσκείσθω]
968 1457 1009 1527 τὸ
1034 1467 1116 1527 ΚΛ.

92 1559 173 1630 ὅλον
201 1559 267 1650 ἄρα
293 1560 331 1629 τὸ
358 1569 428 1630 AA
457 1561 540 1632 ὅλον
569 1568 630 1630 τοῦ
658 1570 727 1630 ΑΕ
751 1561 863 1649 μεῖζόν
892 1566 997 1632 ἐστιν·
1033 1563 1115 1654 ὅπερ

92 1671 160 1735 ἔδει
184 1669 299 1750 δείξαι.
1122 1650 1133 1669 ⁰

41 1805 74 1854 ιε
533 1794 593 1879 VI,
618 1795 670 1860 30.

522 1929 679 2012 ''AM-mg.

147 2054 257 2124 Ἔστω
287 2054 308 2142 ἡ
333 2060 475 2123 δοθεῖσα
504 2053 623 2124 εὐθεῖα
649 2052 670 2142 ἡ
695 2064 770 2124 AB.
816 2061 870 2124 δεῖ
891 2055 933 2143 δὴ
958 2054 1024 2143 τὴν
1050 2067 1117 2126 AB

92 2158 197 2248 ἄκρον
219 2163 275 2229 καλ
300 2163 403 2248 μέσον
427 2162 531 2248 λόγον
554 2175 675 2249 τεμείν.

161 2267 344 2353 Τετμήσθω
377 2266 440 2354 γὰρ
473 2267 493 2353 ἡ
523 2275 588 2334 ΑΒ
620 2266 703 2335 κατὰ
735 2267 773 2336 τὸ
802 2275 834 2335 Γ
862 2266 947 2336 ὥστε
976 2267 1019 2336 τὸ
1049 2268 1117 2338 ὑπὸ

37 2385 73 2434 20
91 2375 160 2439 τῶν
183 2379 264 2456 AB,
284 2379 350 2438 ΒΓ
369 2380 445 2439 ίσον
468 2369 624 2460 εἶναιτῷ
649 2371 713 2440 ἀπὸ
737 2377 798 2459 τῆς
820 2377 880 2441 ΓΑ
902 2375 1117 2467 τετραγώνῳ.

93 2477 162 2544 ἐπεὶ
185 2469 248 2545 οὖν
271 2477 309 2546 τὸ
332 2476 399 2545 ὑπὸ
423 2482 490 2546 τῶν
513 2486 595 2564 AB,
614 2485 680 2547 ΒΓ
703 2488 779 2546 ίσον
803 2479 871 2546 ἐστὶ
894 2481 939 2569 τῷ
964 2476 1034 2547 ἀπὸ
1058 2486 1118 2567 τῆς

92 2589 167 2668 ΓΑ,
200 2589 292 2651 ἔστιν
325 2583 391 2671 ἄρα
419 2581 464 2663 ὡς
495 2581 516 2671 ἡ
545 2591 613 2650 BA
640 2582 723 2672 πρὸς
753 2582 815 2670 τὴν
842 2591 922 2669 ΑΓ,
955 2582 1067 2666 οὕτως
1095 2583 1116 2673 ἡ

92 2692 161 2754 ΑΓ
188 2688 272 2776 πρὸς
305 2686 367 2774 τὴν
399 2695 470 2756 ΓΒ.
520 2686 541 2775 ἡ
579 2697 645 2756 ΑΒ
679 2687 743 2776 ἄρα
775 2688 881 2777 ἄκρον
912 2689 969 2755 καὶ
1010 2693 1117 2776 μέσον

92 2793 196 2878 λόγον
219 2795 372 2879 τέτμηται
395 2792 477 2860 κατὰ
500 2792 538 2861 τὸ
564 2800 604 2862 Γ·
629 2795 709 2881 ὅπερ
734 2798 802 2862 ἔδει
825 2804 971 2881 ποιῆσαι.

166 2975 188 3022 1.
208 2969 345 3092 ΛΒρΑΒ
364 2990 385 3038 φ
405 2971 472 3038 (non
489 2971 530 3039 F).
622 2977 648 3025 2.
666 2973 735 3039 AE]
756 2973 813 3026 ΛΘ
833 2987 903 3027 corr.
922 2987 957 3025 ex
974 2974 1032 3026 ΑΘ
1050 2971 1112 3029 FV.

89 3044 117 3092 3.
136 3038 192 3111 τῷ]
211 3036 243 3094 τό
379 3045 404 3096 4.
424 3041 462 3112 τῷ
481 3040 549 3110 AB]
569 3040 657 3111 Pssp;
676 3044 776 3096 mutat„
796 3040 827 3095 in
844 3042 893 3110 τῆς
911 3046 963 3094 AB
981 3060 1020 3097 m.
1041 3049 1057 3097 2
1077 3044 1116 3108 F3

91 3109 142 3176 τῆς
165 3113 215 3163 BA
238 3112 334 3180 (supra
357 3112 401 3165 οελ
422 3114 488 3180 ras.)
510 3112 549 3184 τῷ
574 3116 626 3165 AB
645 3113 678 3167 V.
771 3118 812 3167 10.
832 3113 898 3183 ΛΖ]
919 3129 989 3167 corr.
1010 3131 1046 3168 ex
1064 3118 1116 3168 ΑΖ

92 3197 129 3233 m.
148 3196 202 3234 reo.
223 3179 253 3236 F.
334 3188 375 3236 11.
395 3182 467 3253 ΚΕ]
486 3182 516 3235 in
534 3198 586 3237 ras.
606 3201 642 3236 m.
662 3188 678 3236 2
698 3182 731 3237 V.
813 3185 874 3238 ι”σον
894 3182 926 3238 σε’
942 3214 976 3223 -
994 3189 1042 3239 122
1061 3185 1115 3239 τοῦ

92 3251 165 3321 ΕΚ]
185 3249 228 3305 bis
246 3251 292 3320 Bp
312 3254 341 3305 et
358 3251 385 3306 V
403 3270 458 3322 mg.
478 3269 514 3308 m.
534 3259 558 3307 2.
633 3259 675 3307 12.
695 3253 761 3325 καί]
781 3271 865 3322 supra
883 3272 920 3308 m.
936 3259 950 3307 1
970 3272 988 3323 p
1009 3254 1117 3325 (priore

89 3320 167 3389 loco,
186 3321 217 3374 in
235 3322 403 3392 repetitione
422 3323 452 3377 in
470 3326 550 3378 textu
564 3324 626 3392 est).
680 3325 885 3447 aquandum}
896 3325 959 3406 Pp3·
975 3341 1031 3381 om.
1046 3327 1115 3395 BF3

93 3389 162 3445 ἔστω
182 3393 215 3448 V.
307 3399 348 3448 15.
368 3392 509 3464 PBFVp.
602 3401 643 3450 16.
663 3389 768 3464 ἄλλως]
786 3413 844 3464 mg.
890 3395 1027 3464 p‚i1dem
1047 3396 1115 3452 2ch

82 3459 133 3519 λε’
152 3463 192 3538 (in
207 3463 232 3520 F
245 3464 300 3524 del.
321 3485 358 3525 m.
378 3466 454 3537 rem).
525 3471 570 3520 U.
586 3464 637 3534 τὴν
659 3469 707 3519 ΑΒ
727 3460 846 3519 εὐθεῖαν
866 3465 926 3520 FV.
986 3472 1030 3522 20.
1046 3469 1114 3539 ΓΑ]
