2348 3818
84 133 129 197 40
445 132 646 185 ΣΤΟΙΧΕΙΩΝ
664 127 700 186 ε’.

150 272 239 341 Ἐπεὶ
269 271 333 361 γάρ
362 277 431 341 ἔστι
457 270 534 349 τινὰ
560 277 628 340 τῶν
656 271 718 358 μὲν
740 277 780 360 Γ,
795 280 827 340 Ε
847 271 956 354 ἰσάκις
978 281 1106 342 πολλα-

85 379 225 465 πλάσια,
250 383 319 447 τῶν
343 379 380 447 δὲ
404 387 496 466 Λ,Ζ
519 377 620 465 ἄλλα,
643 375 665 446 ά
690 383 822 466 ἔτυχεν,
845 378 955 459 ἰσάκις
978 387 1106 447 πολλα-

87 483 225 569 πλάσια,
255 484 312 552 καὶ
339 483 378 553 τὸ
401 484 463 571 μὲν
485 489 547 554 τοῦ
570 490 603 552 Γ
621 485 873 554 πολλαπλάσιον
895 489 956 553 τοῦ
980 488 1046 553 τοῦ
1071 493 1106 552 Δ

85 595 338 660 πολλαπλασίου
367 589 534 680 ὑπερέχει,
566 591 604 659 τὸ
638 591 676 660 δὲ
702 596 764 660 τοῦ
792 600 824 660 Β
849 589 1106 660 πολλαπλάσιον

50 700 147 766 5ιοὺ
183 701 245 765 τοῦ
283 705 311 764 Ζ
342 703 595 767 πολλαπλασίου
631 695 694 785 οὐχ
729 695 896 788 ὑπερέχει,
934 696 1104 785 εἰλήφθω,

86 803 142 872 καλ
166 807 249 871 ἔστω
272 806 341 873 τῶν
363 803 424 890 μὲν
447 810 486 891 Γ,
506 811 538 871 Ε
561 803 669 884 ἰσάκις
687 803 920 872 πολλαπλάσια
936 800 977 870 τά
995 809 1042 890 Η,
1062 811 1104 890 Θ,

86 913 154 978 τῶν
188 910 226 979 δὲ
253 918 349 997 Λ,Ζ
377 907 478 995 άλλα,
508 906 530 976 ἃ
563 913 693 997 ἔτυχεν,
727 909 837 990 ἰσάκις
869 909 1104 979 πολλαπλάσια

86 1015 126 1083 τὰ
150 1023 201 1103 Κ,
216 1024 263 1102 A,
287 1017 372 1085 ὥστε
395 1015 434 1083 τὸ
458 1015 520 1102 μὲν
543 1022 583 1083 Η
600 1020 662 1084 τοὺ
685 1023 720 1083 Κ
741 1013 930 1105 ὑπερέχειν,
952 1014 991 1083 πὸ
1015 1015 1057 1084 ὑὲ
1074 1023 1105 1084 Θ

86 1126 149 1190 τοῦ
176 1130 208 1190 A
235 1121 280 1209 μὴ
308 1120 494 1210 ὑπερέχειν·
535 1122 592 1190 καὶ
625 1119 834 1191 ὁσαπλάσιον
866 1122 929 1208 μέν
961 1123 1030 1190 ἐστι
1063 1120 1103 1190 τὸ

34 1231 205 1296 1οΗιοῦ
233 1232 277 1312 Γ,
310 1226 600 1296 τοσαυταπλάσιον
632 1232 716 1296 ἔστιν
748 1228 805 1295 καί
834 1224 868 1294 εἰ
902 1233 947 1294 Μ
967 1229 1029 1295 τοὺ
1059 1236 1104 1314 A,

88 1331 294 1402 ὁσαπλάσιον
328 1334 365 1401 δὲ
396 1331 434 1401 τὸ
464 1340 498 1401 Κ
524 1337 586 1400 τοῦ
612 1342 662 1420 Δ,
699 1331 989 1402 τοσαυταπλάσιον
1017 1337 1106 1403 ἔσται

86 1440 141 1506 καλ
166 1435 204 1506 τὸ
228 1445 267 1505 Ν
285 1441 347 1506 τοὺ
370 1446 408 1506 Β.

155 1545 223 1612 Καὶ
252 1546 325 1613 ἰπεί
350 1546 440 1614 ἐστιν
464 1542 510 1626 ὥς
531 1544 569 1614 τὸ
592 1556 625 1614 Α
647 1544 730 1634 πρὸς
752 1543 790 1614 τὸ
814 1553 858 1631 Β,
883 1545 990 1625 οὑτως
1011 1542 1051 1613 τὸ
1076 1552 1110 1614 Γ

87 1649 171 1740 πρὸς
193 1649 230 1719 τὸ
251 1660 296 1739 Δ,
318 1651 375 1719 καλ
398 1658 549 1738 εἴληπται
571 1654 640 1720 τῶν
663 1650 725 1738 μὲν
744 1660 787 1737 A,
801 1656 834 1718 Γ
848 1650 957 1730 ἰσάκις
978 1647 1107 1719 πολλαὲ

35 1769 69 1818 15
91 1758 215 1827 πλάσια
238 1758 278 1827 τὰ
303 1765 353 1845 Μ,
373 1765 418 1845 Η,
441 1762 510 1826 τῶν
534 1758 571 1827 δὲ
594 1764 633 1843 Β,
658 1766 692 1825 Λ
714 1755 810 1842 ἄλλα,
834 1753 856 1823 ὑὶ
880 1760 1006 1843 έτνχεν,
1030 1758 1106 1825 ἰσά-

87 1892 140 1945 κις
170 1865 402 1934 πολλαπλάσια
430 1863 471 1931 τά
502 1870 552 1948 Ν,
574 1869 622 1949 Κ,
653 1867 685 1931 εἰ
713 1861 780 1952 άρα
811 1859 964 1951 ὑπερέχει
996 1860 1034 1931 τὸ
1062 1866 1111 1932 Μ

20 1990 28 2005 ·
87 1975 148 2039 τοὺ
172 1978 224 2055 Ν,
246 1966 399 2057 ὑπερέχει
421 1966 536 2036 καὶτὸ
562 1974 602 2035 H
619 1971 681 2036 τοῦ
703 1975 746 2054 K,
769 1969 826 2036 καί
849 1972 880 2036 εἰ
902 1976 989 2055 ἰσον,
1014 1978 1105 2058 ἴσον,

87 2076 144 2144 καὶ
177 2079 208 2143 εἰ
234 2079 388 2159 ἔλαττον,
421 2077 567 2142 ἔλαττον.
613 2071 765 2161 ὑπερέχει
793 2074 831 2141 δὲ
853 2071 890 2142 τὸ
914 2080 955 2141 Η
971 2079 1033 2144 τοῦ
1056 2083 1107 2144 Κ·

88 2180 240 2270 ὑπερέχει
264 2179 330 2270 άρα
357 2180 413 2248 καί
441 2178 479 2248 τὸ
504 2186 549 2247 Μ
565 2182 627 2248 τοὺ
650 2186 694 2247 Ν.
739 2177 777 2247 τὸ
802 2179 840 2247 δὲ
863 2183 971 2248 Θτοῦ
990 2187 1022 2247 A
1040 2179 1106 2270 οὑχ

34 2297 69 2347 20
87 2287 253 2374 ὑπερέχει·
282 2291 341 2354 καί
369 2287 437 2354 ἐστι
468 2285 509 2353 τά
541 2285 611 2372 μὲν,
635 2292 689 2371 Μ,
713 2293 742 2353 Θ
768 2290 837 2353 τῶν
863 2296 911 2371 A,
930 2294 962 2355 E
993 2286 1106 2370 ἰσάκις

88 2396 333 2479 πολλαπλάσια,
356 2391 396 2460 τά
420 2392 459 2460 δὲ
481 2399 531 2478 Ν,
550 2398 582 2458 A
604 2395 673 2459 τῶν
696 2398 740 2477 Β,
760 2399 787 2459 Ζ
811 2390 910 2478 ἄλλα,
934 2389 955 2460 ά
975 2397 1103 2482 ἔτυχεν,

88 2499 197 2581 ἰσάκις
227 2497 470 2568 πολλαπλάσια·
502 2497 540 2566 ιὸ
574 2495 640 2584 άρα
669 2507 702 2566 Α
733 2497 816 2587 πρὸς
842 2497 880 2568 τὸ
909 2506 942 2568 Β
966 2506 1104 2586 μείζονα

87 2607 191 2694 λόγον
215 2611 281 2695 ἔχει
303 2605 387 2692 ἥπερ
411 2603 449 2672 τὸ
474 2612 507 2673 Ε
527 2604 611 2694 πρὸς
634 2601 672 2672 τὸ
697 2612 733 2672 Ζ.

152 2711 232 2782 Ἐάν
259 2709 326 2801 ἄρα
355 2713 490 2796 πρῶτον
517 2710 601 2799 πρὸς
630 2709 788 2797 δεύτερον
816 2709 877 2779 τὸν
904 2709 1011 2780 αὑτὸν
1044 2717 1102 2801 ἔχῃ

86 2847 301 2860 -2——2

162 2896 186 2946 1.
207 2889 275 2944 Post
297 2883 351 2957 γάρ
375 2887 439 2942 add.
459 2885 568 2942 Theon:
592 2883 624 2942 τὸ
651 2889 677 2940 Γ
697 2883 767 2958 πρὸς
785 2885 816 2944 τὸ
837 2895 863 2942 Δ
882 2890 997 2958 μείζονα
1016 2886 1102 2960 λόγον

92 2959 151 3031 ἔχει
169 2956 242 3030 ἤπερ
261 2955 292 3012 τό
313 2960 338 3012 Ε
356 2954 428 3026 πρὸς
444 2953 476 3013 τὸ
497 2961 518 3011 Ζ
537 2956 676 3028 (BFVp);
699 2975 753 3015 om.
771 2957 802 3013 P.
861 2965 886 3014 λ.
906 2960 963 3014 τῶν
981 2958 1102 3031 &QZ

89 3062 123 3072 -
137 3024 345 3100 πολλαπλάσια]
365 3046 421 3098 mg.
440 3046 478 3085 m.
498 3035 512 3083 1
532 3028 563 3083 F.
650 3034 674 3083 3.
694 3026 739 3100 τό]
768 3046 838 3085 corr.
857 3047 892 3085 ex
909 3025 944 3085 τά
968 3049 1007 3087 m.
1032 3029 1100 3087 1V.

123 3102 188 3173 τοῦ]
217 3101 289 3170 (alt.)
311 3101 411 3168 postea
432 3099 527 3156 insert.
549 3118 586 3154 m.
611 3106 627 3155 2
650 3098 680 3153 Ε.
760 3106 784 3157 7.
808 3095 841 3172 ἅ]
866 3117 951 3190 supra
973 3100 1004 3156 F:
1076 3105 1101 3157 8.

88 3173 162 3227 Ante
191 3168 341 3240 ὑπερέχειν
368 3187 422 3225 ras.
449 3177 466 3225 2
489 3170 545 3226 litt.
569 3171 603 3225 V.
690 3178 715 3226 9.
735 3167 785 3242 μή]
810 3171 846 3237 Ρ;
872 3191 906 3226 ον
932 3167 970 3257 μή
989 3172 1026 3239 Ες
1048 3167 1101 3241 οὑχ

87 3244 173 3313 BVp.
248 3247 290 3298 15.
309 3236 342 3314 ά]
362 3258 445 3311 supra
463 3261 500 3298 m.
520 3248 536 3296 2
555 3242 586 3296 F.
659 3247 703 3296 20.
722 3238 770 3313 τά]
790 3258 860 3297 corr.
879 3259 914 3298 ex
931 3261 964 3296 ιο
983 3243 1101 3297 m.1V.

124 3314 208 3404 ALin
226 3329 280 3368 rae.
299 3313 331 3367 P.
390 3319 434 3369 21.
452 3309 487 3368 τά
508 3312 540 3367 δέ
561 3343 593 3352 -
614 3317 661 3366 22:
681 3309 888 3387 πολλαπλάσια]
903 3329 958 3368 om.
973 3312 1003 3369 Ε.
1058 3319 1102 3368 22.

88 3381 120 3441 ιὺ
149 3404 207 3512 aeg
230 3391 252 3439 A
264 3380 347 3512 ριρὸς
368 3380 401 3440 τὸ
426 3384 461 3455 Β]
485 3384 515 3439 in
538 3399 592 3439 τοι.
617 3401 653 3438 m.
678 3389 693 3438 2
717 3383 753 3452 F,
782 3400 840 3452 seq.
867 3383 969 3454 uestig.
991 3390 1023 3439 12
1046 3384 1102 3440 litt.

125 3463 167 3512 24.
203 3475 246 3526 χει
294 3498 300 3513 .
