<?xml version="1.0" encoding="UTF-8"?>
<!DOCTYPE html PUBLIC "-//W3C//DTD XHTML 1.0 Transitional//EN"
    "http://www.w3.org/TR/xhtml1/DTD/xhtml1-transitional.dtd">
<html xmlns="http://www.w3.org/1999/xhtml" xml:lang="en" lang="en">
 <head>
  <title>
</title>
<meta http-equiv="Content-Type" content="text/html;charset=utf-8" />
  <meta name='ocr-system' content='tesseract 3.04.00' />
  <meta name='ocr-capabilities' content='ocr_page ocr_carea ocr_par ocr_line ocrx_word'/>
</head>
<body>
  <div class='ocr_page' id='page_1' title='image "./euclidisoperaom15unkngoog_0226.png"; bbox 0 0 2348 3818; ppageno 0'>
   <div class='ocr_carea' id='block_1_1' title="bbox 335 174 1090 240">
    <p class='ocr_par' dir='ltr' id='par_1_1' title="bbox 335 174 1090 240">
     <span class='ocr_line' id='line_1_1' title="bbox 335 174 1090 240; baseline 0.017 -15"><span class='ocrx_word' id='word_1_1' title='bbox 335 176 610 227; x_wconf 75' lang='lat' dir='ltr'>uuuuemoaum</span> <span class='ocrx_word' id='word_1_2' title='bbox 628 177 736 228; x_wconf 77' lang='lat' dir='ltr'>amau</span> <span class='ocrx_word' id='word_1_3' title='bbox 754 177 815 228; x_wconf 82' lang='lat' dir='ltr'>vn.</span> <span class='ocrx_word' id='word_1_4' title='bbox 1026 174 1090 240; x_wconf 88' lang='lat'>203</span> 
     </span>
    </p>
   </div>
   <div class='ocr_carea' id='block_1_2' title="bbox 59 319 1094 1979">
    <p class='ocr_par' dir='ltr' id='par_1_2' title="bbox 59 319 1094 1250">
     <span class='ocr_line' id='line_1_2' title="bbox 59 319 1094 404; baseline 0.002 -21"><span class='ocrx_word' id='word_1_5' title='bbox 59 341 149 404; x_wconf 87' lang='lat' dir='ltr'>pars</span> <span class='ocrx_word' id='word_1_6' title='bbox 189 322 239 383; x_wconf 88' lang='lat' dir='ltr'>est</span> <span class='ocrx_word' id='word_1_7' title='bbox 274 319 372 383; x_wconf 87' lang='lat' dir='ltr'>etium</span> <span class='ocrx_word' id='word_1_8' title='bbox 406 324 439 382; x_wconf 97' lang='lat' dir='ltr'>A</span> <span class='ocrx_word' id='word_1_9' title='bbox 471 319 597 382; x_wconf 84' lang='lat' dir='ltr'>numen&#39;</span> <span class='ocrx_word' id='word_1_10' title='bbox 629 323 705 403; x_wconf 83' lang='grc' dir='ltr'>ΕΖ,</span> <span class='ocrx_word' id='word_1_11' title='bbox 741 323 821 404; x_wconf 92' lang='lat' dir='ltr'>quot</span> <span class='ocrx_word' id='word_1_12' title='bbox 853 323 929 384; x_wconf 88' lang='lat' dir='ltr'>sunt</span> <span class='ocrx_word' id='word_1_13' title='bbox 959 319 995 384; x_wconf 90' lang='lat' dir='ltr'>in</span> <span class='ocrx_word' id='word_1_14' title='bbox 1028 323 1094 385; x_wconf 89' lang='grc' dir='ltr'>ΒΓ</span> 
     </span>
     <span class='ocr_line' id='line_1_3' title="bbox 59 426 1090 509; baseline -0.001 -19"><span class='ocrx_word' id='word_1_15' title='bbox 59 426 202 490; x_wconf 88' lang='lat' dir='ltr'>numeri</span> <span class='ocrx_word' id='word_1_16' title='bbox 233 446 369 489; x_wconf 85' lang='lat' dir='ltr'>numero</span> <span class='ocrx_word' id='word_1_17' title='bbox 403 431 435 490; x_wconf 98' lang='lat' dir='ltr'>A</span> <span class='ocrx_word' id='word_1_18' title='bbox 467 426 633 509; x_wconf 79' lang='lat' dir='ltr'><strong>aequales,</strong></span> <span class='ocrx_word' id='word_1_19' title='bbox 665 426 802 490; x_wconf 88' lang='lat' dir='ltr'>totidem</span> <span class='ocrx_word' id='word_1_20' title='bbox 835 427 932 491; x_wconf 87' lang='lat' dir='ltr'>etium</span> <span class='ocrx_word' id='word_1_21' title='bbox 966 427 1000 490; x_wconf 92' lang='lat' dir='ltr'>in</span> <span class='ocrx_word' id='word_1_22' title='bbox 1028 430 1090 490; x_wconf 86' lang='grc' dir='ltr'>ΒΖ</span> 
     </span>
     <span class='ocr_line' id='line_1_4' title="bbox 59 531 1090 615; baseline 0.001 -19"><span class='ocrx_word' id='word_1_23' title='bbox 59 532 201 596; x_wconf 86' lang='lat' dir='ltr'>numeri</span> <span class='ocrx_word' id='word_1_24' title='bbox 234 535 310 594; x_wconf 88' lang='lat' dir='ltr'>sunt</span> <span class='ocrx_word' id='word_1_25' title='bbox 337 553 472 595; x_wconf 87' lang='lat' dir='ltr'>numero</span> <span class='ocrx_word' id='word_1_26' title='bbox 502 536 535 595; x_wconf 98' lang='lat' dir='ltr'>A</span> <span class='ocrx_word' id='word_1_27' title='bbox 563 531 723 615; x_wconf 80' lang='lat' dir='ltr'>aequales.</span> <span class='ocrx_word' id='word_1_28' title='bbox 775 531 939 597; x_wconf 83' lang='lat' dir='ltr'>diuidatur</span> <span class='ocrx_word' id='word_1_29' title='bbox 966 536 1032 597; x_wconf 89' lang='grc' dir='ltr'>ΒΓ</span> <span class='ocrx_word' id='word_1_30' title='bbox 1055 533 1090 596; x_wconf 89' lang='lat' dir='ltr'>in</span> 
     </span>
     <span class='ocr_line' id='line_1_5' title="bbox 59 637 1089 721; baseline 0.001 -19"><span class='ocrx_word' id='word_1_31' title='bbox 59 659 226 702; x_wconf 88' lang='lat' dir='ltr'>numeros</span> <span class='ocrx_word' id='word_1_32' title='bbox 249 658 384 702; x_wconf 90' lang='lat' dir='ltr'>numero</span> <span class='ocrx_word' id='word_1_33' title='bbox 408 643 440 700; x_wconf 89' lang='lat' dir='ltr'><em>A</em></span> <span class='ocrx_word' id='word_1_34' title='bbox 464 637 613 721; x_wconf 84' lang='lat' dir='ltr'>aequales</span> <span class='ocrx_word' id='word_1_35' title='bbox 637 640 719 720; x_wconf 89' lang='lat' dir='ltr'>BH,</span> <span class='ocrx_word' id='word_1_36' title='bbox 737 640 814 721; x_wconf 82' lang='lat' dir='ltr'>HF,</span> <span class='ocrx_word' id='word_1_37' title='bbox 838 641 900 702; x_wconf 86' lang='grc' dir='ltr'>ΒΖ</span> <span class='ocrx_word' id='word_1_38' title='bbox 923 642 1032 703; x_wconf 84' lang='lat' dir='ltr'>eutem</span> <span class='ocrx_word' id='word_1_39' title='bbox 1055 639 1089 703; x_wconf 87' lang='lat' dir='ltr'>in</span> 
     </span>
     <span class='ocr_line' id='line_1_6' title="bbox 59 743 1088 827; baseline 0.001 -18"><span class='ocrx_word' id='word_1_40' title='bbox 59 749 152 826; x_wconf 82' lang='grc' dir='ltr'>ΕΘ,</span> <span class='ocrx_word' id='word_1_41' title='bbox 178 747 240 808; x_wconf 80' lang='grc' dir='ltr'>ΘΖ</span> <span class='ocrx_word' id='word_1_42' title='bbox 267 764 401 807; x_wconf 88' lang='lat' dir='ltr'>numero</span> <span class='ocrx_word' id='word_1_43' title='bbox 426 748 459 807; x_wconf 95' lang='lat' dir='ltr'>A</span> <span class='ocrx_word' id='word_1_44' title='bbox 487 744 645 827; x_wconf 85' lang='lat' dir='ltr'>aequales.</span> <span class='ocrx_word' id='word_1_45' title='bbox 696 743 759 806; x_wconf 89' lang='lat' dir='ltr'>erit</span> <span class='ocrx_word' id='word_1_46' title='bbox 784 743 887 823; x_wconf 82' lang='lat' dir='ltr'>igitur</span> <span class='ocrx_word' id='word_1_47' title='bbox 913 744 1088 811; x_wconf 87' lang='lat' dir='ltr'>multitudo</span> 
     </span>
     <span class='ocr_line' id='line_1_7' title="bbox 59 849 1088 935; baseline -0.001 -19"><span class='ocrx_word' id='word_1_48' title='bbox 59 871 283 916; x_wconf 87' lang='lat' dir='ltr'>numerorum</span> <span class='ocrx_word' id='word_1_49' title='bbox 307 852 384 933; x_wconf 88' lang='grc' dir='ltr'>ΒΗ,</span> <span class='ocrx_word' id='word_1_50' title='bbox 405 852 474 914; x_wconf 95' lang='grc' dir='ltr'>ΗΓ</span> <span class='ocrx_word' id='word_1_51' title='bbox 493 849 696 913; x_wconf 78' lang='lat' dir='ltr'>multitudini</span> <span class='ocrx_word' id='word_1_52' title='bbox 713 870 923 914; x_wconf 89' lang='lat' dir='ltr'>numerorum</span> <span class='ocrx_word' id='word_1_53' title='bbox 941 855 1013 935; x_wconf 87' lang='grc' dir='ltr'>ΒΘ,</span> <span class='ocrx_word' id='word_1_54' title='bbox 1027 855 1088 915; x_wconf 81' lang='grc' dir='ltr'>ΘΖ</span> 
     </span>
     <span class='ocr_line' id='line_1_8' title="bbox 59 956 1089 1041; baseline -0.002 -18"><span class='ocrx_word' id='word_1_55' title='bbox 59 956 229 1041; x_wconf 82' lang='lat' dir='ltr'>aequalis.</span> <span class='ocrx_word' id='word_1_56' title='bbox 275 961 307 1020; x_wconf 88' lang='lat' dir='ltr'>et</span> <span class='ocrx_word' id='word_1_57' title='bbox 331 956 485 1040; x_wconf 87' lang='lat' dir='ltr'>quoniam</span> <span class='ocrx_word' id='word_1_58' title='bbox 509 960 558 1019; x_wconf 89' lang='lat' dir='ltr'>est</span> <span class='ocrx_word' id='word_1_59' title='bbox 580 959 654 1019; x_wconf 90' lang='lat' dir='ltr'>BH</span> <span class='ocrx_word' id='word_1_60' title='bbox 664 986 706 1007; x_wconf 90' lang='lat'><em>=</em></span> <span class='ocrx_word' id='word_1_61' title='bbox 721 961 765 1039; x_wconf 88' lang='lat' dir='ltr'>A,</span> <span class='ocrx_word' id='word_1_62' title='bbox 788 958 854 1019; x_wconf 83' lang='grc' dir='ltr'>ΕΘ</span> <span class='ocrx_word' id='word_1_63' title='bbox 867 985 909 1008; x_wconf 84' lang='lat'>==</span> <span class='ocrx_word' id='word_1_64' title='bbox 925 960 971 1039; x_wconf 87' lang='lat' dir='ltr'>A,</span> <span class='ocrx_word' id='word_1_65' title='bbox 994 960 1089 1021; x_wconf 88' lang='lat' dir='ltr'>erunt</span> 
     </span>
     <span class='ocr_line' id='line_1_9' title="bbox 59 1061 964 1144; baseline -0.003 -15"><span class='ocrx_word' id='word_1_66' title='bbox 59 1067 145 1129; x_wconf 90' lang='lat' dir='ltr'>BH</span> <span class='ocrx_word' id='word_1_67' title='bbox 157 1065 198 1142; x_wconf 80' lang='lat' dir='ltr'>-l-</span> <span class='ocrx_word' id='word_1_68' title='bbox 217 1066 280 1126; x_wconf 82' lang='grc' dir='ltr'>ΒΘ</span> <span class='ocrx_word' id='word_1_69' title='bbox 294 1091 336 1114; x_wconf 86' lang='lat'>==</span> <span class='ocrx_word' id='word_1_70' title='bbox 352 1068 384 1125; x_wconf 91' lang='lat' dir='ltr'><em>A</em></span> <span class='ocrx_word' id='word_1_71' title='bbox 399 1065 440 1144; x_wconf 84' lang='grc' dir='ltr'>-Ι-</span> <span class='ocrx_word' id='word_1_72' title='bbox 458 1067 499 1127; x_wconf 87' lang='grc' dir='ltr'>Δ.</span> <span class='ocrx_word' id='word_1_73' title='bbox 546 1061 657 1126; x_wconf 89' lang='lat' dir='ltr'>eadem</span> <span class='ocrx_word' id='word_1_74' title='bbox 681 1062 720 1127; x_wconf 89' lang='lat' dir='ltr'>de</span> <span class='ocrx_word' id='word_1_75' title='bbox 743 1083 842 1126; x_wconf 82' lang='lat' dir='ltr'>causa</span> <span class='ocrx_word' id='word_1_76' title='bbox 865 1061 964 1126; x_wconf 88' lang='lat' dir='ltr'>etiam</span> 
     </span>
     <span class='ocr_line' id='line_1_10' title="bbox 372 1171 790 1250; baseline 0.007 -19"><span class='ocrx_word' id='word_1_77' title='bbox 372 1171 443 1232; x_wconf 90' lang='grc' dir='ltr'>ΗΓ</span> <span class='ocrx_word' id='word_1_78' title='bbox 455 1171 494 1247; x_wconf 72' lang='lat' dir='ltr'>-l-</span> <span class='ocrx_word' id='word_1_79' title='bbox 511 1171 572 1231; x_wconf 81' lang='grc' dir='ltr'>ΘΖ</span> <span class='ocrx_word' id='word_1_80' title='bbox 588 1199 628 1219; x_wconf 96' lang='lat'><strong><em>=</em></strong></span> <span class='ocrx_word' id='word_1_81' title='bbox 644 1175 676 1232; x_wconf 92' lang='lat' dir='ltr'><em>A</em></span> <span class='ocrx_word' id='word_1_82' title='bbox 692 1171 732 1250; x_wconf 81' lang='grc' dir='ltr'>-Ι-</span> <span class='ocrx_word' id='word_1_83' title='bbox 748 1173 790 1235; x_wconf 95' lang='lat' dir='ltr'><em>A.</em></span> 
     </span>
    </p>

    <p class='ocr_par' dir='ltr' id='par_1_3' title="bbox 60 1275 1090 1979">
     <span class='ocr_line' id='line_1_11' title="bbox 60 1275 1090 1360; baseline -0.002 -19"><span class='ocrx_word' id='word_1_84' title='bbox 60 1277 184 1360; x_wconf 84' lang='lat' dir='ltr'>itaque</span> <span class='ocrx_word' id='word_1_85' title='bbox 214 1279 295 1360; x_wconf 90' lang='lat' dir='ltr'>quot</span> <span class='ocrx_word' id='word_1_86' title='bbox 324 1278 400 1340; x_wconf 88' lang='lat' dir='ltr'>sunt</span> <span class='ocrx_word' id='word_1_87' title='bbox 426 1275 461 1338; x_wconf 90' lang='lat' dir='ltr'>in</span> <span class='ocrx_word' id='word_1_88' title='bbox 484 1277 551 1337; x_wconf 89' lang='grc' dir='ltr'>ΒΓ</span> <span class='ocrx_word' id='word_1_89' title='bbox 568 1275 694 1339; x_wconf 89' lang='lat' dir='ltr'>numeri</span> <span class='ocrx_word' id='word_1_90' title='bbox 716 1296 850 1339; x_wconf 86' lang='lat' dir='ltr'>numero</span> <span class='ocrx_word' id='word_1_91' title='bbox 874 1280 906 1339; x_wconf 87' lang='lat' dir='ltr'><em>A</em></span> <span class='ocrx_word' id='word_1_92' title='bbox 929 1275 1090 1359; x_wconf 83' lang='lat' dir='ltr'>aequales,</span> 
     </span>
     <span class='ocr_line' id='line_1_12' title="bbox 66 1381 1087 1463; baseline -0.003 -15"><span class='ocrx_word' id='word_1_93' title='bbox 66 1383 210 1448; x_wconf 85' lang='lat' dir='ltr'>totidem</span> <span class='ocrx_word' id='word_1_94' title='bbox 239 1385 316 1446; x_wconf 87' lang='lat' dir='ltr'>sunt</span> <span class='ocrx_word' id='word_1_95' title='bbox 344 1384 442 1446; x_wconf 91' lang='lat' dir='ltr'>etiam</span> <span class='ocrx_word' id='word_1_96' title='bbox 465 1381 499 1444; x_wconf 89' lang='lat' dir='ltr'>iu</span> <span class='ocrx_word' id='word_1_97' title='bbox 522 1383 588 1445; x_wconf 92' lang='grc' dir='ltr'>ΒΓ</span> <span class='ocrx_word' id='word_1_98' title='bbox 609 1384 649 1462; x_wconf 80' lang='lat' dir='ltr'>-l-</span> <span class='ocrx_word' id='word_1_99' title='bbox 670 1385 733 1446; x_wconf 87' lang='lat' dir='ltr'>EZ</span> <span class='ocrx_word' id='word_1_100' title='bbox 755 1382 899 1447; x_wconf 86' lang='lat' dir='ltr'>numeris</span> <span class='ocrx_word' id='word_1_101' title='bbox 923 1387 955 1446; x_wconf 88' lang='lat' dir='ltr'><em>A</em></span> <span class='ocrx_word' id='word_1_102' title='bbox 984 1384 1024 1463; x_wconf 78' lang='lat' dir='ltr'>-l-</span> <span class='ocrx_word' id='word_1_103' title='bbox 1054 1387 1087 1445; x_wconf 98' lang='lat' dir='ltr'>A</span> 
     </span>
     <span class='ocr_line' id='line_1_13' title="bbox 65 1488 1087 1573; baseline -0.002 -19"><span class='ocrx_word' id='word_1_104' title='bbox 65 1489 233 1573; x_wconf 86' lang='lat' dir='ltr'>aequales.</span> <span class='ocrx_word' id='word_1_105' title='bbox 280 1510 379 1571; x_wconf 86' lang='lat' dir='ltr'>quare</span> <span class='ocrx_word' id='word_1_106' title='bbox 403 1488 529 1572; x_wconf 90' lang='lat' dir='ltr'>quoties</span> <span class='ocrx_word' id='word_1_107' title='bbox 553 1489 724 1570; x_wconf 80' lang='lat' dir='ltr'>multiplex</span> <span class='ocrx_word' id='word_1_108' title='bbox 748 1493 799 1553; x_wconf 87' lang='lat' dir='ltr'>est</span> <span class='ocrx_word' id='word_1_109' title='bbox 817 1491 883 1554; x_wconf 91' lang='grc' dir='ltr'>ΒΓ</span> <span class='ocrx_word' id='word_1_110' title='bbox 900 1489 1029 1553; x_wconf 87' lang='lat' dir='ltr'>numeri</span> <span class='ocrx_word' id='word_1_111' title='bbox 1047 1495 1087 1571; x_wconf 87' lang='lat' dir='ltr'><em>A,</em></span> 
     </span>
     <span class='ocr_line' id='line_1_14' title="bbox 62 1593 1088 1678; baseline -0.003 -17"><span class='ocrx_word' id='word_1_112' title='bbox 62 1595 170 1661; x_wconf 89' lang='lat' dir='ltr'>toties</span> <span class='ocrx_word' id='word_1_113' title='bbox 209 1594 380 1678; x_wconf 87' lang='lat' dir='ltr'>multiplex</span> <span class='ocrx_word' id='word_1_114' title='bbox 417 1597 467 1658; x_wconf 88' lang='lat' dir='ltr'>est</span> <span class='ocrx_word' id='word_1_115' title='bbox 504 1593 602 1657; x_wconf 89' lang='lat' dir='ltr'>etiam</span> <span class='ocrx_word' id='word_1_116' title='bbox 638 1597 705 1658; x_wconf 93' lang='grc' dir='ltr'>ΒΓ</span> <span class='ocrx_word' id='word_1_117' title='bbox 720 1596 760 1675; x_wconf 80' lang='grc' dir='ltr'>-Ι-</span> <span class='ocrx_word' id='word_1_118' title='bbox 780 1598 843 1658; x_wconf 86' lang='grc' dir='ltr'>ΒΖ</span> <span class='ocrx_word' id='word_1_119' title='bbox 878 1615 1088 1659; x_wconf 86' lang='lat' dir='ltr'>numerorum</span> 
     </span>
     <span class='ocr_line' id='line_1_15' title="bbox 64 1699 1087 1783; baseline -0.005 -16"><span class='ocrx_word' id='word_1_120' title='bbox 64 1709 101 1767; x_wconf 98' lang='lat' dir='ltr'>A</span> <span class='ocrx_word' id='word_1_121' title='bbox 118 1703 161 1782; x_wconf 75' lang='lat' dir='ltr'>-l-</span> <span class='ocrx_word' id='word_1_122' title='bbox 179 1706 222 1765; x_wconf 94' lang='lat' dir='ltr'>A.</span> <span class='ocrx_word' id='word_1_123' title='bbox 267 1701 376 1783; x_wconf 89' lang='lat' dir='ltr'>itaque</span> <span class='ocrx_word' id='word_1_124' title='bbox 402 1721 483 1783; x_wconf 87' lang='lat' dir='ltr'>quae</span> <span class='ocrx_word' id='word_1_125' title='bbox 506 1721 582 1782; x_wconf 87' lang='lat' dir='ltr'>pars</span> <span class='ocrx_word' id='word_1_126' title='bbox 606 1702 656 1763; x_wconf 84' lang='lat' dir='ltr'>est</span> <span class='ocrx_word' id='word_1_127' title='bbox 677 1705 710 1764; x_wconf 90' lang='lat' dir='ltr'><em>A</em></span> <span class='ocrx_word' id='word_1_128' title='bbox 731 1701 859 1764; x_wconf 85' lang='lat' dir='ltr'>numeri</span> <span class='ocrx_word' id='word_1_129' title='bbox 881 1703 953 1783; x_wconf 91' lang='grc' dir='ltr'>ΒΓ,</span> <span class='ocrx_word' id='word_1_130' title='bbox 976 1699 1087 1763; x_wconf 90' lang='lat' dir='ltr'>eadem</span> 
     </span>
     <span class='ocr_line' id='line_1_16' title="bbox 65 1805 1088 1893; baseline -0.004 -21"><span class='ocrx_word' id='word_1_131' title='bbox 65 1831 149 1893; x_wconf 88' lang='lat' dir='ltr'>pars</span> <span class='ocrx_word' id='word_1_132' title='bbox 170 1808 270 1870; x_wconf 87' lang='lat' dir='ltr'>etiam</span> <span class='ocrx_word' id='word_1_133' title='bbox 290 1812 322 1869; x_wconf 93' lang='lat' dir='ltr'><em>A</em></span> <span class='ocrx_word' id='word_1_134' title='bbox 337 1809 377 1888; x_wconf 80' lang='grc' dir='ltr'>-Ι-</span> <span class='ocrx_word' id='word_1_135' title='bbox 395 1811 428 1869; x_wconf 95' lang='lat' dir='ltr'>A</span> <span class='ocrx_word' id='word_1_136' title='bbox 448 1808 524 1869; x_wconf 90' lang='lat' dir='ltr'>sunt</span> <span class='ocrx_word' id='word_1_137' title='bbox 541 1825 749 1868; x_wconf 88' lang='lat' dir='ltr'>numerorum</span> <span class='ocrx_word' id='word_1_138' title='bbox 767 1808 834 1870; x_wconf 88' lang='grc' dir='ltr'>ΒΓ</span> <span class='ocrx_word' id='word_1_139' title='bbox 846 1806 885 1885; x_wconf 89' lang='grc' dir='ltr'>-Ι-</span> <span class='ocrx_word' id='word_1_140' title='bbox 902 1808 978 1889; x_wconf 68' lang='grc' dir='ltr'>ΒΖ,</span> <span class='ocrx_word' id='word_1_141' title='bbox 1003 1805 1088 1888; x_wconf 90' lang='lat' dir='ltr'>quod</span> 
     </span>
     <span class='ocr_line' id='line_1_17' title="bbox 63 1912 463 1979; baseline -0.013 0"><span class='ocrx_word' id='word_1_142' title='bbox 63 1917 142 1979; x_wconf 87' lang='lat' dir='ltr'>erat</span> <span class='ocrx_word' id='word_1_143' title='bbox 166 1912 463 1976; x_wconf 84' lang='lat' dir='ltr'>demonstrandum.</span> 
     </span>
    </p>
   </div>
   <div class='ocr_carea' id='block_1_3' title="bbox 549 2069 605 2136">
    <p class='ocr_par' dir='ltr' id='par_1_4' title="bbox 549 2069 605 2136">
     <span class='ocr_line' id='line_1_18' title="bbox 549 2069 605 2136; baseline 0.036 -3"><span class='ocrx_word' id='word_1_144' title='bbox 549 2069 605 2136; x_wconf 86' lang='lat' dir='ltr'>VI.</span> 
     </span>
    </p>
   </div>
   <div class='ocr_carea' id='block_1_4' title="bbox 67 2194 1085 2491">
    <p class='ocr_par' dir='ltr' id='par_1_5' title="bbox 67 2194 1085 2491">
     <span class='ocr_line' id='line_1_19' title="bbox 139 2194 1084 2286; baseline -0.001 -27"><span class='ocrx_word' id='word_1_145' title='bbox 139 2195 175 2260; x_wconf 80' lang='lat' dir='ltr'>si</span> <span class='ocrx_word' id='word_1_146' title='bbox 197 2217 349 2259; x_wconf 88' lang='lat' dir='ltr'>numerus</span> <span class='ocrx_word' id='word_1_147' title='bbox 373 2194 500 2258; x_wconf 84' lang='lat' dir='ltr'>numeri</span> <span class='ocrx_word' id='word_1_148' title='bbox 522 2197 632 2277; x_wconf 89' lang='lat' dir='ltr'>partes</span> <span class='ocrx_word' id='word_1_149' title='bbox 657 2198 744 2277; x_wconf 84' lang='lat' dir='ltr'>sunt,</span> <span class='ocrx_word' id='word_1_150' title='bbox 768 2198 801 2258; x_wconf 91' lang='lat' dir='ltr'>et</span> <span class='ocrx_word' id='word_1_151' title='bbox 824 2194 906 2258; x_wconf 76' lang='lat' dir='ltr'>alius</span> <span class='ocrx_word' id='word_1_152' title='bbox 930 2215 1084 2286; x_wconf 88' lang='lat' dir='ltr'>numerus</span> 
     </span>
     <span class='ocr_line' id='line_1_20' title="bbox 67 2301 1085 2384; baseline -0.004 -16"><span class='ocrx_word' id='word_1_153' title='bbox 67 2305 156 2369; x_wconf 90' lang='lat' dir='ltr'>alius</span> <span class='ocrx_word' id='word_1_154' title='bbox 180 2302 305 2365; x_wconf 87' lang='lat' dir='ltr'>numeri</span> <span class='ocrx_word' id='word_1_155' title='bbox 330 2302 460 2365; x_wconf 86' lang='lat' dir='ltr'>eaedem</span> <span class='ocrx_word' id='word_1_156' title='bbox 483 2305 608 2384; x_wconf 87' lang='lat' dir='ltr'>partes,</span> <span class='ocrx_word' id='word_1_157' title='bbox 637 2301 737 2365; x_wconf 89' lang='lat' dir='ltr'>etiam</span> <span class='ocrx_word' id='word_1_158' title='bbox 760 2303 894 2384; x_wconf 89' lang='lat' dir='ltr'>uterque</span> <span class='ocrx_word' id='word_1_159' title='bbox 917 2301 1085 2384; x_wconf 88' lang='lat' dir='ltr'>utriusque</span> 
     </span>
     <span class='ocr_line' id='line_1_21' title="bbox 69 2405 813 2491; baseline -0.004 -17"><span class='ocrx_word' id='word_1_160' title='bbox 69 2408 205 2481; x_wconf 86' lang='lat' dir='ltr'>eaedem</span> <span class='ocrx_word' id='word_1_161' title='bbox 228 2410 338 2489; x_wconf 85' lang='lat' dir='ltr'>partes</span> <span class='ocrx_word' id='word_1_162' title='bbox 363 2411 471 2490; x_wconf 86' lang='lat' dir='ltr'>erunt,</span> <span class='ocrx_word' id='word_1_163' title='bbox 495 2428 577 2491; x_wconf 86' lang='lat' dir='ltr'>quae</span> <span class='ocrx_word' id='word_1_164' title='bbox 600 2428 684 2470; x_wconf 88' lang='lat' dir='ltr'>unus</span> <span class='ocrx_word' id='word_1_165' title='bbox 707 2405 813 2471; x_wconf 90' lang='lat' dir='ltr'>unius.</span> 
     </span>
    </p>
   </div>
   <div class='ocr_carea' id='block_1_5' title="bbox 69 2512 1086 2719">
    <p class='ocr_par' dir='ltr' id='par_1_6' title="bbox 69 2512 1086 2719">
     <span class='ocr_line' id='line_1_22' title="bbox 137 2512 1085 2596; baseline 0.001 -19"><span class='ocrx_word' id='word_1_166' title='bbox 137 2513 224 2578; x_wconf 90' lang='lat' dir='ltr'>Nam</span> <span class='ocrx_word' id='word_1_167' title='bbox 248 2535 400 2577; x_wconf 88' lang='lat' dir='ltr'>numerus</span> <span class='ocrx_word' id='word_1_168' title='bbox 424 2517 489 2576; x_wconf 88' lang='lat' dir='ltr'>AB</span> <span class='ocrx_word' id='word_1_169' title='bbox 513 2516 623 2596; x_wconf 89' lang='lat' dir='ltr'>partes</span> <span class='ocrx_word' id='word_1_170' title='bbox 648 2513 714 2576; x_wconf 87' lang='lat' dir='ltr'>sint</span> <span class='ocrx_word' id='word_1_171' title='bbox 736 2512 864 2576; x_wconf 87' lang='lat' dir='ltr'>numeri</span> <span class='ocrx_word' id='word_1_172' title='bbox 887 2516 923 2596; x_wconf 92' lang='grc' dir='ltr'>Γ,</span> <span class='ocrx_word' id='word_1_173' title='bbox 947 2517 980 2576; x_wconf 87' lang='lat' dir='ltr'>et</span> <span class='ocrx_word' id='word_1_174' title='bbox 1003 2515 1085 2578; x_wconf 89' lang='lat' dir='ltr'>alius</span> 
     </span>
     <span class='ocr_line' id='line_1_23' title="bbox 69 2618 1086 2719; baseline -0.004 -33"><span class='ocrx_word' id='word_1_175' title='bbox 69 2626 143 2686; x_wconf 89' lang='lat' dir='ltr'>AE</span> <span class='ocrx_word' id='word_1_176' title='bbox 173 2620 256 2684; x_wconf 87' lang='lat' dir='ltr'>alius</span> <span class='ocrx_word' id='word_1_177' title='bbox 290 2624 316 2683; x_wconf 92' lang='lat' dir='ltr'>Z</span> <span class='ocrx_word' id='word_1_178' title='bbox 350 2620 480 2683; x_wconf 86' lang='lat' dir='ltr'>eaedem</span> <span class='ocrx_word' id='word_1_179' title='bbox 512 2623 635 2702; x_wconf 84' lang='lat' dir='ltr'>partes,</span> <span class='ocrx_word' id='word_1_180' title='bbox 675 2640 756 2702; x_wconf 90' lang='lat' dir='ltr'>quae</span> <span class='ocrx_word' id='word_1_181' title='bbox 789 2623 854 2682; x_wconf 88' lang='lat' dir='ltr'>AB</span> <span class='ocrx_word' id='word_1_182' title='bbox 886 2618 1014 2719; x_wconf 81' lang='lat' dir='ltr'>numeri</span> <span class='ocrx_word' id='word_1_183' title='bbox 1050 2622 1086 2682; x_wconf 94' lang='grc' dir='ltr'>Γ.</span> 
     </span>
    </p>
   </div>
   <div class='ocr_carea' id='block_1_6' title="bbox 926 2793 1084 2806">
    <p class='ocr_par' dir='ltr' id='par_1_7' title="bbox 926 2793 1084 2806">
     <span class='ocr_line' id='line_1_24' title="bbox 926 2793 1084 2806; baseline 0.006 -2"><span class='ocrx_word' id='word_1_184' title='bbox 926 2793 1084 2806; x_wconf 63' lang='lat' dir='ltr'>—ut———nn-</span> 
     </span>
    </p>
   </div>
   <div class='ocr_carea' id='block_1_7' title="bbox 69 2891 1101 3325">
    <p class='ocr_par' dir='ltr' id='par_1_8' title="bbox 69 2891 1101 3325">
     <span class='ocr_line' id='line_1_25' title="bbox 69 2891 1086 2972; baseline -0.003 -17"><span class='ocrx_word' id='word_1_185' title='bbox 69 2902 224 2972; x_wconf 77' lang='lat' dir='ltr'>Augustus.</span> <span class='ocrx_word' id='word_1_186' title='bbox 279 2907 304 2954; x_wconf 89' lang='lat'>9.</span> <span class='ocrx_word' id='word_1_187' title='bbox 323 2901 394 2971; x_wconf 80' lang='grc' dir='ltr'><strong><em>τοῖς]</em></strong></span> <span class='ocrx_word' id='word_1_188' title='bbox 414 2895 469 2966; x_wconf 74' lang='grc' dir='ltr'>ἄρα</span> <span class='ocrx_word' id='word_1_189' title='bbox 488 2906 546 2962; x_wconf 85' lang='grc' dir='ltr'><strong><em>τοῖς</em></strong></span> <span class='ocrx_word' id='word_1_190' title='bbox 564 2901 598 2956; x_wconf 89' lang='lat' dir='ltr'>V.</span> <span class='ocrx_word' id='word_1_191' title='bbox 654 2900 692 2970; x_wconf 89' lang='lat' dir='ltr'>A]</span> <span class='ocrx_word' id='word_1_192' title='bbox 712 2904 739 2954; x_wconf 93' lang='lat' dir='ltr'>A</span> <span class='ocrx_word' id='word_1_193' title='bbox 758 2900 813 2953; x_wconf 76' lang='grc' dir='ltr'><em>ἴσοι</em></span> <span class='ocrx_word' id='word_1_194' title='bbox 832 2897 904 2954; x_wconf 76' lang='grc' dir='ltr'><strong><em>εἰσίν</em></strong></span> <span class='ocrx_word' id='word_1_195' title='bbox 921 2898 956 2952; x_wconf 89' lang='lat' dir='ltr'>V.</span> <span class='ocrx_word' id='word_1_196' title='bbox 1012 2891 1086 2970; x_wconf 77' lang='grc' dir='ltr'>ὅσοι]</span> 
     </span>
     <span class='ocr_line' id='line_1_26' title="bbox 70 2969 1085 3042; baseline -0.004 -14"><span class='ocrx_word' id='word_1_197' title='bbox 70 2969 116 3028; x_wconf 81' lang='grc' dir='ltr'>ὅσ·</span> <span class='ocrx_word' id='word_1_198' title='bbox 135 2973 166 3026; x_wconf 90' lang='lat' dir='ltr'>in</span> <span class='ocrx_word' id='word_1_199' title='bbox 184 2988 237 3026; x_wconf 88' lang='lat' dir='ltr'>ras.</span> <span class='ocrx_word' id='word_1_200' title='bbox 257 2988 293 3023; x_wconf 90' lang='lat' dir='ltr'>m.</span> <span class='ocrx_word' id='word_1_201' title='bbox 313 2978 329 3025; x_wconf 89' lang='lat'>2</span> <span class='ocrx_word' id='word_1_202' title='bbox 349 2972 383 3038; x_wconf 84' lang='grc' dir='ltr'>Γ;</span> <span class='ocrx_word' id='word_1_203' title='bbox 404 2973 448 3040; x_wconf 81' lang='grc' dir='ltr'>ἴση</span> <span class='ocrx_word' id='word_1_204' title='bbox 468 2992 489 3040; x_wconf 83' lang='grc' dir='ltr'>φ</span> <span class='ocrx_word' id='word_1_205' title='bbox 510 2972 576 3037; x_wconf 87' lang='lat' dir='ltr'>(nou</span> <span class='ocrx_word' id='word_1_206' title='bbox 600 2972 642 3040; x_wconf 80' lang='lat' dir='ltr'>F).</span> <span class='ocrx_word' id='word_1_207' title='bbox 733 2969 817 3042; x_wconf 80' lang='grc' dir='ltr'><strong><em>εἰσίν]</em></strong></span> <span class='ocrx_word' id='word_1_208' title='bbox 842 2987 897 3025; x_wconf 88' lang='lat' dir='ltr'>om.</span> <span class='ocrx_word' id='word_1_209' title='bbox 920 2971 951 3024; x_wconf 86' lang='lat' dir='ltr'>P.</span> <span class='ocrx_word' id='word_1_210' title='bbox 1043 2976 1085 3025; x_wconf 91' lang='lat'>10.</span> 
     </span>
     <span class='ocr_line' id='line_1_27' title="bbox 71 3035 1085 3112; baseline -0.003 -14"><span class='ocrx_word' id='word_1_211' title='bbox 71 3043 144 3098; x_wconf 77' lang='grc' dir='ltr'><strong><em>εἰσιν</em></strong></span> <span class='ocrx_word' id='word_1_212' title='bbox 162 3042 221 3097; x_wconf 90' lang='lat' dir='ltr'>PB.</span> <span class='ocrx_word' id='word_1_213' title='bbox 279 3048 320 3096; x_wconf 91' lang='lat'>12.</span> <span class='ocrx_word' id='word_1_214' title='bbox 341 3037 415 3095; x_wconf 76' lang='grc' dir='ltr'><strong><em>ἐστίν</em></strong></span> <span class='ocrx_word' id='word_1_215' title='bbox 434 3041 464 3096; x_wconf 94' lang='lat' dir='ltr'>P.</span> <span class='ocrx_word' id='word_1_216' title='bbox 522 3048 562 3097; x_wconf 86' lang='lat'>13.</span> <span class='ocrx_word' id='word_1_217' title='bbox 583 3035 616 3112; x_wconf 77' lang='lat' dir='ltr'>t]</span> <span class='ocrx_word' id='word_1_218' title='bbox 637 3059 691 3096; x_wconf 88' lang='lat' dir='ltr'>em.</span> <span class='ocrx_word' id='word_1_219' title='bbox 712 3062 733 3110; x_wconf 86' lang='grc' dir='ltr'><strong>φ</strong></span> <span class='ocrx_word' id='word_1_220' title='bbox 758 3042 824 3108; x_wconf 90' lang='lat' dir='ltr'><strong>(non</strong></span> <span class='ocrx_word' id='word_1_221' title='bbox 842 3042 883 3110; x_wconf 85' lang='grc' dir='ltr'>Β).</span> <span class='ocrx_word' id='word_1_222' title='bbox 938 3041 1034 3112; x_wconf 76' lang='grc' dir='ltr'><strong>μέρος]</strong></span> <span class='ocrx_word' id='word_1_223' title='bbox 1055 3042 1085 3108; x_wconf 81' lang='grc' dir='ltr'>Β,</span> 
     </span>
     <span class='ocr_line' id='line_1_28' title="bbox 70 3108 1086 3184; baseline -0.004 -14"><span class='ocrx_word' id='word_1_224' title='bbox 70 3115 123 3183; x_wconf 80' lang='grc' dir='ltr'>μὲν</span> <span class='ocrx_word' id='word_1_225' title='bbox 143 3135 173 3183; x_wconf 83' lang='grc' dir='ltr'>φ.</span> <span class='ocrx_word' id='word_1_226' title='bbox 248 3119 289 3168; x_wconf 79' lang='grc'>15.</span> <span class='ocrx_word' id='word_1_227' title='bbox 309 3113 413 3184; x_wconf 80' lang='grc' dir='ltr'><strong><em>δεῖξαι]</em></strong></span> <span class='ocrx_word' id='word_1_228' title='bbox 433 3113 549 3182; x_wconf 78' lang='grc' dir='ltr'><em>ποιῆσαι</em></span> <span class='ocrx_word' id='word_1_229' title='bbox 567 3113 600 3167; x_wconf 91' lang='lat' dir='ltr'>V.</span> <span class='ocrx_word' id='word_1_230' title='bbox 675 3120 716 3167; x_wconf 86' lang='grc'>17.</span> <span class='ocrx_word' id='word_1_231' title='bbox 736 3111 820 3182; x_wconf 76' lang='grc' dir='ltr'><strong><em>μέρος</em></strong></span> <span class='ocrx_word' id='word_1_232' title='bbox 838 3131 864 3182; x_wconf 87' lang='lat' dir='ltr'>p.</span> <span class='ocrx_word' id='word_1_233' title='bbox 938 3118 981 3166; x_wconf 89' lang='lat'>21.</span> <span class='ocrx_word' id='word_1_234' title='bbox 1000 3108 1086 3181; x_wconf 74' lang='grc' dir='ltr'><em>ἀριθ-</em></span> 
     </span>
     <span class='ocr_line' id='line_1_29' title="bbox 71 3180 1083 3271; baseline -0.002 -31"><span class='ocrx_word' id='word_1_235' title='bbox 71 3185 142 3271; x_wconf 71' lang='lat' dir='ltr'>pui]</span> <span class='ocrx_word' id='word_1_236' title='bbox 162 3180 288 3255; x_wconf 65' lang='grc' dir='ltr'>ἀριθμόν</span> <span class='ocrx_word' id='word_1_237' title='bbox 307 3205 329 3251; x_wconf 84' lang='grc' dir='ltr'>φ</span> <span class='ocrx_word' id='word_1_238' title='bbox 349 3185 415 3252; x_wconf 85' lang='lat' dir='ltr'>(nun</span> <span class='ocrx_word' id='word_1_239' title='bbox 433 3183 473 3253; x_wconf 81' lang='grc' dir='ltr'>Β).</span> <span class='ocrx_word' id='word_1_240' title='bbox 546 3189 589 3239; x_wconf 92' lang='lat'>22.</span> <span class='ocrx_word' id='word_1_241' title='bbox 609 3183 681 3254; x_wconf 86' lang='grc' dir='ltr'>ΔΕ]</span> <span class='ocrx_word' id='word_1_242' title='bbox 702 3187 726 3237; x_wconf 86' lang='lat' dir='ltr'>E</span> <span class='ocrx_word' id='word_1_243' title='bbox 746 3197 829 3253; x_wconf 82' lang='lat' dir='ltr'>supra</span> <span class='ocrx_word' id='word_1_244' title='bbox 847 3202 883 3240; x_wconf 89' lang='lat' dir='ltr'>m.</span> <span class='ocrx_word' id='word_1_245' title='bbox 904 3181 967 3238; x_wconf 93' lang='lat' dir='ltr'>1V.</span> <span class='ocrx_word' id='word_1_246' title='bbox 1041 3189 1083 3239; x_wconf 87' lang='lat'>23.</span> 
     </span>
     <span class='ocr_line' id='line_1_30' title="bbox 72 3251 1101 3325; baseline -0.004 -15"><span class='ocrx_word' id='word_1_247' title='bbox 72 3276 115 3310; x_wconf 81' lang='grc' dir='ltr'>οτι</span> <span class='ocrx_word' id='word_1_248' title='bbox 133 3251 344 3325; x_wconf 75' lang='grc' dir='ltr'><strong><em>συναμφότεροι</em></strong></span> <span class='ocrx_word' id='word_1_249' title='bbox 363 3251 393 3308; x_wconf 84' lang='lat' dir='ltr'>ol</span> <span class='ocrx_word' id='word_1_250' title='bbox 409 3273 436 3324; x_wconf 89' lang='lat' dir='ltr'>p.</span> <span class='ocrx_word' id='word_1_251' title='bbox 1098 3291 1101 3294; x_wconf 94' lang='lat'>-</span> 
     </span>
    </p>
   </div>
   <div class='ocr_carea' id='block_1_8' title="bbox 0 0 1182 3818">
    <p class='ocr_par' dir='ltr' id='par_1_9' title="bbox 0 0 1182 3818">
     <span class='ocr_line' id='line_1_31' title="bbox 0 0 1182 3818; baseline 0 0"><span class='ocrx_word' id='word_1_252' title='bbox 0 0 1182 3818; x_wconf 95' lang='lat' dir='ltr'> </span> 
     </span>
    </p>
   </div>
  </div>
 </body>
</html>
