2348 3818
324 167 600 220 ELEMENTORUM
621 169 731 220 LIBER
749 169 824 220 VIII.
1014 167 1077 233 291

62 310 155 393 titur,
178 330 218 372 ne
238 313 265 372 Z
289 309 418 394 quidem
442 332 612 375 numerum
629 313 669 374 H
687 311 822 376 metitur
841 310 920 392 [VII
934 313 997 378 def.
1012 315 1080 395 20].

63 416 216 499 itaqueZ
238 415 346 481 unitas
365 437 432 481 non
451 421 515 500 est3
539 439 615 481 nam
633 417 741 483 unitas
761 438 888 481 omnem
906 440 1079 486 numerum

62 523 205 586 metitur.
252 525 285 585 et
308 525 344 605 Z,
368 527 396 587 Θ
418 523 504 587 inter
527 545 562 588 se
585 523 684 607 primi
706 527 784 588 sunt
807 525 912 608 [prop.
930 524 1004 607 ΠΙ].
1047 529 1080 590 et

63 631 115 692 est
139 631 166 690 Z
181 651 188 692 :
203 631 233 691 Θ
247 657 289 680 =
304 635 358 692 A:
372 631 408 693 Γ.
440 629 549 713 itaque
573 628 652 710 [VII
671 629 732 694 del.
751 630 808 710 20]
831 651 872 693 ne
894 636 927 695 A
951 631 1080 716 quidem

63 754 236 798 numerum
267 734 300 796 Γ
327 733 470 797 metitur.
516 734 666 799 similiter
698 732 1005 822 demonstrabimus,
1036 759 1079 802 ne

64 839 163 903 alium
187 837 316 922 quidem
339 839 441 903 ullum
465 838 565 904 alium
589 861 778 904 mensurum
796 861 880 924 esse;
904 842 1079 925 quoderat

62 944 358 1010 demonstrandum.

532 1067 606 1133 VII.

132 1173 166 1239 Si
195 1174 357 1258 quotlibet
385 1174 512 1238 numeri
535 1173 685 1257 deinceps
708 1176 968 1258 proportionales
992 1180 1077 1262 sunt,

64 1286 99 1346 et
121 1281 245 1364 primus
269 1279 420 1345 ultimum
444 1281 591 1364 metitur,
615 1282 713 1346 etiarn
737 1282 911 1347 seeundum
934 1282 1077 1351 metitur.

63 1407 164 1455 Αι-ι
456 1384 528 1451 Sint
569 1387 729 1470 quotlibet
764 1389 890 1452 numeri
927 1389 1077 1474 deinceps

63 1511 223 1562 Br—-r
386 1492 647 1576 proportionales
670 1499 712 1576 A,
729 1497 768 1576 B,
791 1495 827 1575 Γ,
851 1498 892 1572 A,
916 1499 949 1560 et
966 1501 999 1560 A
1020 1519 1078 1561 nu·

65 1616 262 1665 Γι--ι
387 1618 512 1662 merum
541 1602 574 1661 A
602 1597 764 1664 metiatur.
811 1598 896 1678 dieo,
919 1605 952 1664 A
980 1603 1078 1667 etiam

63 1723 315 1772 Ar--—-r
387 1725 556 1767 numerum
579 1707 608 1767 Β
631 1703 748 1768 metiri.

130 1832 206 1874 nam
230 1811 258 1874 si
281 1815 313 1874 A
335 1831 506 1874 numerum
528 1813 558 1873 Β
580 1830 646 1873 non
670 1808 816 1892 metitur,
838 1830 879 1872 ne
903 1810 985 1875 alius
1009 1812 1078 1895 qui·

60 1917 135 1980 dem
162 1916 247 1980 ullus
276 1917 376 1980 alium
399 1915 552 1980 metietur
576 1917 682 1998 [prop.
701 1914 774 1996 Vll.
808 1916 943 1980 metitur
966 1919 1076 1982 autem

61 2027 94 2086 A
117 2043 286 2086 numerum
310 2026 351 2086 A.
398 2041 475 2105 ergo
499 2026 531 2085 A
559 2020 658 2085 etiam
686 2041 855 2085 numerum
879 2025 908 2084 B
931 2021 1076 2106 metitur;

61 2127 149 2211 quod
172 2130 244 2192 erat
267 2118 572 2192 demonstrandum.¹

523 2284 613 2350 VIII.

130 2389 165 2456 Si
201 2393 286 2456 inter
324 2391 403 2457 duos
440 2412 592 2456 numeros
626 2391 800 2456 seeundum
832 2391 1076 2476 proportionem

61 2498 250 2564 continuam
277 2498 402 2562 numeri
431 2496 558 2581 aliquot
585 2497 852 2582 interponuntur,
885 2501 965 2582 quot
991 2498 1077 2563 inter

60 2627 117 2669 eos
144 2604 320 2669 secundum
343 2602 588 2687 proportionem
615 2603 802 2668 continuam
824 2603 1077 2686 interponuntur

59 2711 200 2794 numeri,
231 2710 368 2774 totidem
400 2709 498 2772 etiam
527 2708 612 2772 inter
639 2729 708 2792 eos,
736 2709 792 2793 qui
815 2707 949 2783 eandem
977 2709 1075 2775 ratio

61 2835 137 2879 nem
159 2815 289 2899 habent,
313 2815 489 2880 seeundum
507 2814 751 2898 proportionem
769 2813 959 2880 continuam
976 2814 1076 2880 inter·

58 2925 232 3005 ponentur.

127 3025 214 3092 Nam
236 3027 322 3092 inter
344 3027 424 3091 duos
447 3047 599 3091 numeros
624 3030 715 3110 A,B
739 3026 915 3090 seeundum
940 3049 1075 3111 propor-

60 3133 183 3198 tionem
207 3135 396 3198 oontinuam
418 3132 544 3196 numeri
568 3131 693 3217 aliquot
715 3134 751 3211 Γ,
775 3136 808 3195 A
826 3131 1076 3216 interponantur

60 3336 194 3414 μετρήσει
218 3341 281 3396 add.
305 3342 372 3411 Vp:
396 3335 466 3412 ὅπερ
489 3336 609 3396 ἄτοπον·
637 3336 788 3396 ὑπόκειται
810 3337 865 3409 γὰρ
888 3336 904 3394 ὁ
927 3345 952 3392 Α
975 3336 1025 3395 τὸν
1048 3345 1075 3394 Δ

59 3420 185 3482 perpetu
203 3412 281 3469 idem
298 3413 321 3467 B
339 3431 395 3482 mg.
414 3431 451 3467 m.
471 3417 496 3467 2.
578 3417 621 3465 22.
641 3409 754 3482 αὐτοῖς]
773 3427 828 3466 om.
846 3411 880 3464 P.
969 3416 1020 3462 ᾖ.
1036 3411 1091 3474 Y&

59 3484 90 3538 in
108 3501 163 3539 ras.
183 3485 216 3538 V.

893 3558 953 3615 ΧΨ
