<?xml version="1.0" encoding="UTF-8"?>
<!DOCTYPE html PUBLIC "-//W3C//DTD XHTML 1.0 Transitional//EN"
    "http://www.w3.org/TR/xhtml1/DTD/xhtml1-transitional.dtd">
<html xmlns="http://www.w3.org/1999/xhtml" xml:lang="en" lang="en">
 <head>
  <title>
</title>
<meta http-equiv="Content-Type" content="text/html;charset=utf-8" />
  <meta name='ocr-system' content='tesseract 3.04.00' />
  <meta name='ocr-capabilities' content='ocr_page ocr_carea ocr_par ocr_line ocrx_word'/>
</head>
<body>
  <div class='ocr_page' id='page_1' title='image "./euclidisoperaom15unkngoog_0222.png"; bbox 0 0 2348 3818; ppageno 0'>
   <div class='ocr_carea' id='block_1_1' title="bbox 329 160 1080 225">
    <p class='ocr_par' dir='ltr' id='par_1_1' title="bbox 329 160 1080 225">
     <span class='ocr_line' id='line_1_1' title="bbox 329 160 1080 225; baseline 0.016 -14"><span class='ocrx_word' id='word_1_1' title='bbox 329 161 605 214; x_wconf 67' lang='lat' dir='ltr'>memororum</span> <span class='ocrx_word' id='word_1_2' title='bbox 622 162 731 212; x_wconf 70' lang='lat' dir='ltr'>meme</span> <span class='ocrx_word' id='word_1_3' title='bbox 748 162 809 213; x_wconf 84' lang='lat' dir='ltr'>vn.</span> <span class='ocrx_word' id='word_1_4' title='bbox 1017 160 1080 225; x_wconf 82' lang='grc'>199</span> 
     </span>
    </p>
   </div>
   <div class='ocr_carea' id='block_1_2' title="bbox 62 304 1090 1878">
    <p class='ocr_par' dir='ltr' id='par_1_2' title="bbox 62 304 1090 1878">
     <span class='ocr_line' id='line_1_2' title="bbox 64 304 1081 388; baseline 0.002 -20"><span class='ocrx_word' id='word_1_5' title='bbox 64 305 299 369; x_wconf 76' lang='lat' dir='ltr'><strong>maximenon</strong></span> <span class='ocrx_word' id='word_1_6' title='bbox 322 307 371 367; x_wconf 73' lang='lat' dir='ltr'>est</span> <span class='ocrx_word' id='word_1_7' title='bbox 394 326 546 368; x_wconf 78' lang='lat' dir='ltr'>mensura</span> <span class='ocrx_word' id='word_1_8' title='bbox 569 306 763 387; x_wconf 82' lang='lat' dir='ltr'>communis,</span> <span class='ocrx_word' id='word_1_9' title='bbox 786 326 938 370; x_wconf 80' lang='lat' dir='ltr'>numerus</span> <span class='ocrx_word' id='word_1_10' title='bbox 963 304 1081 388; x_wconf 80' lang='lat' dir='ltr'><strong>aliquis</strong></span> 
     </span>
     <span class='ocr_line' id='line_1_3' title="bbox 64 411 1083 495; baseline 0 -21"><span class='ocrx_word' id='word_1_11' title='bbox 64 411 173 475; x_wconf 87' lang='lat' dir='ltr'>maior</span> <span class='ocrx_word' id='word_1_12' title='bbox 191 431 326 475; x_wconf 86' lang='lat' dir='ltr'>numero</span> <span class='ocrx_word' id='word_1_13' title='bbox 344 414 377 473; x_wconf 89' lang='lat' dir='ltr'><em>E</em></span> <span class='ocrx_word' id='word_1_14' title='bbox 392 432 545 475; x_wconf 85' lang='lat' dir='ltr'>numeros</span> <span class='ocrx_word' id='word_1_15' title='bbox 565 417 605 495; x_wconf 97' lang='lat' dir='ltr'>A,</span> <span class='ocrx_word' id='word_1_16' title='bbox 624 415 663 494; x_wconf 99' lang='grc' dir='ltr'>Β,</span> <span class='ocrx_word' id='word_1_17' title='bbox 681 414 713 475; x_wconf 92' lang='grc' dir='ltr'><strong><em>Γ</em></strong></span> <span class='ocrx_word' id='word_1_18' title='bbox 727 412 888 477; x_wconf 78' lang='lat' dir='ltr'>metietur.</span> <span class='ocrx_word' id='word_1_19' title='bbox 929 411 1083 475; x_wconf 77' lang='lat' dir='ltr'>metiatur</span> 
     </span>
     <span class='ocr_line' id='line_1_4' title="bbox 65 514 1084 601; baseline 0 -20"><span class='ocrx_word' id='word_1_20' title='bbox 65 523 99 581; x_wconf 74' lang='lat' dir='ltr'>et</span> <span class='ocrx_word' id='word_1_21' title='bbox 129 517 237 581; x_wconf 79' lang='lat' dir='ltr'>sitZ.</span> <span class='ocrx_word' id='word_1_22' title='bbox 285 517 494 601; x_wconf 78' lang='lat' dir='ltr'>etquoniem</span> <span class='ocrx_word' id='word_1_23' title='bbox 523 520 550 579; x_wconf 94' lang='lat' dir='ltr'>Z</span> <span class='ocrx_word' id='word_1_24' title='bbox 577 538 729 582; x_wconf 86' lang='lat' dir='ltr'>numeros</span> <span class='ocrx_word' id='word_1_25' title='bbox 761 522 805 598; x_wconf 90' lang='lat' dir='ltr'>A,</span> <span class='ocrx_word' id='word_1_26' title='bbox 824 521 863 599; x_wconf 89' lang='grc' dir='ltr'>Β,</span> <span class='ocrx_word' id='word_1_27' title='bbox 878 514 914 582; x_wconf 95' lang='grc' dir='ltr'>Γ</span> <span class='ocrx_word' id='word_1_28' title='bbox 943 518 1084 600; x_wconf 73' lang='lat' dir='ltr'>metitur,</span> 
     </span>
     <span class='ocr_line' id='line_1_5' title="bbox 65 624 1083 708; baseline 0 -20"><span class='ocrx_word' id='word_1_29' title='bbox 65 625 169 689; x_wconf 59' lang='lat' dir='ltr'>eriam</span> <span class='ocrx_word' id='word_1_30' title='bbox 192 631 237 708; x_wconf 89' lang='lat' dir='ltr'>A,</span> <span class='ocrx_word' id='word_1_31' title='bbox 256 629 285 689; x_wconf 91' lang='grc' dir='ltr'>Β</span> <span class='ocrx_word' id='word_1_32' title='bbox 308 624 388 689; x_wconf 80' lang='lat' dir='ltr'>meti</span> <span class='ocrx_word' id='word_1_33' title='bbox 388 628 454 706; x_wconf 78' lang='lat' dir='ltr'>tur3</span> <span class='ocrx_word' id='word_1_34' title='bbox 484 645 582 707; x_wconf 84' lang='lat' dir='ltr'>quare</span> <span class='ocrx_word' id='word_1_35' title='bbox 606 625 706 688; x_wconf 77' lang='lat' dir='ltr'>etiam</span> <span class='ocrx_word' id='word_1_36' title='bbox 733 625 908 688; x_wconf 83' lang='lat' dir='ltr'><strong>maximam</strong></span> <span class='ocrx_word' id='word_1_37' title='bbox 934 645 1083 689; x_wconf 88' lang='lat' dir='ltr'>numero-</span> 
     </span>
     <span class='ocr_line' id='line_1_6' title="bbox 62 729 1083 814; baseline -0.001 -19"><span class='ocrx_word' id='word_1_38' title='bbox 62 755 140 795; x_wconf 90' lang='lat' dir='ltr'>rum</span> <span class='ocrx_word' id='word_1_39' title='bbox 168 738 213 814; x_wconf 90' lang='lat' dir='ltr'>A,</span> <span class='ocrx_word' id='word_1_40' title='bbox 239 735 267 795; x_wconf 99' lang='grc' dir='ltr'>Β</span> <span class='ocrx_word' id='word_1_41' title='bbox 296 752 482 794; x_wconf 84' lang='lat' dir='ltr'>mensuram</span> <span class='ocrx_word' id='word_1_42' title='bbox 511 751 715 795; x_wconf 87' lang='lat' dir='ltr'>communem</span> <span class='ocrx_word' id='word_1_43' title='bbox 743 730 896 794; x_wconf 80' lang='lat' dir='ltr'>metietur</span> <span class='ocrx_word' id='word_1_44' title='bbox 924 733 1027 813; x_wconf 87' lang='lat' dir='ltr'>[prop</span> <span class='ocrx_word' id='word_1_45' title='bbox 1050 729 1083 794; x_wconf 96' lang='grc' dir='ltr'>ΙΙ</span> 
     </span>
     <span class='ocr_line' id='line_1_7' title="bbox 62 838 1083 920; baseline -0.003 -17"><span class='ocrx_word' id='word_1_46' title='bbox 62 838 203 918; x_wconf 89' lang='lat' dir='ltr'>ooroll.].</span> <span class='ocrx_word' id='word_1_47' title='bbox 253 860 367 902; x_wconf 88' lang='lat' dir='ltr'>uerum</span> <span class='ocrx_word' id='word_1_48' title='bbox 397 858 608 901; x_wconf 89' lang='lat' dir='ltr'>numerorum</span> <span class='ocrx_word' id='word_1_49' title='bbox 636 842 681 920; x_wconf 93' lang='lat' dir='ltr'>A,</span> <span class='ocrx_word' id='word_1_50' title='bbox 704 841 733 900; x_wconf 90' lang='lat' dir='ltr'><em>B</em></span> <span class='ocrx_word' id='word_1_51' title='bbox 760 838 902 902; x_wconf 78' lang='lat' dir='ltr'><strong>maxime</strong></span> <span class='ocrx_word' id='word_1_52' title='bbox 928 858 1083 902; x_wconf 81' lang='lat' dir='ltr'>mensura</span> 
     </span>
     <span class='ocr_line' id='line_1_8' title="bbox 62 942 1084 1026; baseline -0.002 -18"><span class='ocrx_word' id='word_1_53' title='bbox 62 942 246 1009; x_wconf 77' lang='lat' dir='ltr'>eommunis</span> <span class='ocrx_word' id='word_1_54' title='bbox 271 952 321 1007; x_wconf 77' lang='lat' dir='ltr'>est</span> <span class='ocrx_word' id='word_1_55' title='bbox 345 948 386 1007; x_wconf 97' lang='lat' dir='ltr'>A.</span> <span class='ocrx_word' id='word_1_56' title='bbox 434 942 585 1026; x_wconf 77' lang='lat' dir='ltr'>Zigitur</span> <span class='ocrx_word' id='word_1_57' title='bbox 604 947 637 1006; x_wconf 98' lang='lat' dir='ltr'><em>A</em></span> <span class='ocrx_word' id='word_1_58' title='bbox 661 942 803 1007; x_wconf 77' lang='lat' dir='ltr'>metitur.</span> <span class='ocrx_word' id='word_1_59' title='bbox 848 964 962 1007; x_wconf 89' lang='lat' dir='ltr'>uerum</span> <span class='ocrx_word' id='word_1_60' title='bbox 985 943 1084 1006; x_wconf 77' lang='lat' dir='ltr'>etiam</span> 
     </span>
     <span class='ocr_line' id='line_1_9' title="bbox 63 1040 1084 1133; baseline -0.003 -18"><span class='ocrx_word' id='word_1_61' title='bbox 63 1054 97 1115; x_wconf 93' lang='grc' dir='ltr'>Γ</span> <span class='ocrx_word' id='word_1_62' title='bbox 117 1040 260 1115; x_wconf 71' lang='lat' dir='ltr'>metitur.</span> <span class='ocrx_word' id='word_1_63' title='bbox 303 1053 330 1112; x_wconf 91' lang='lat' dir='ltr'>Z</span> <span class='ocrx_word' id='word_1_64' title='bbox 349 1049 451 1133; x_wconf 68' lang='lat' dir='ltr'>igitur</span> <span class='ocrx_word' id='word_1_65' title='bbox 473 1053 520 1130; x_wconf 91' lang='lat' dir='ltr'>A,</span> <span class='ocrx_word' id='word_1_66' title='bbox 539 1051 570 1112; x_wconf 90' lang='grc' dir='ltr'><em>Γ</em></span> <span class='ocrx_word' id='word_1_67' title='bbox 592 1049 735 1113; x_wconf 79' lang='lat' dir='ltr'>metitur.</span> <span class='ocrx_word' id='word_1_68' title='bbox 782 1070 880 1132; x_wconf 79' lang='lat' dir='ltr'>quare</span> <span class='ocrx_word' id='word_1_69' title='bbox 904 1048 1002 1113; x_wconf 80' lang='lat' dir='ltr'>etiam</span> <span class='ocrx_word' id='word_1_70' title='bbox 1026 1069 1084 1112; x_wconf 89' lang='lat' dir='ltr'>nu·</span> 
     </span>
     <span class='ocr_line' id='line_1_10' title="bbox 63 1155 1085 1238; baseline -0.005 -16"><span class='ocrx_word' id='word_1_71' title='bbox 63 1178 232 1222; x_wconf 88' lang='lat' dir='ltr'>merorum</span> <span class='ocrx_word' id='word_1_72' title='bbox 260 1160 301 1238; x_wconf 92' lang='lat' dir='ltr'>A,</span> <span class='ocrx_word' id='word_1_73' title='bbox 320 1158 352 1219; x_wconf 92' lang='grc' dir='ltr'><strong><em>Γ</em></strong></span> <span class='ocrx_word' id='word_1_74' title='bbox 380 1155 555 1219; x_wconf 78' lang='lat' dir='ltr'><strong>maximam</strong></span> <span class='ocrx_word' id='word_1_75' title='bbox 583 1176 769 1218; x_wconf 85' lang='lat' dir='ltr'>mensuram</span> <span class='ocrx_word' id='word_1_76' title='bbox 793 1174 995 1220; x_wconf 83' lang='lat' dir='ltr'>communem</span> <span class='ocrx_word' id='word_1_77' title='bbox 1018 1175 1085 1218; x_wconf 87' lang='lat' dir='ltr'>me-</span> 
     </span>
     <span class='ocr_line' id='line_1_11' title="bbox 67 1262 1084 1344; baseline -0.002 -17"><span class='ocrx_word' id='word_1_78' title='bbox 67 1264 158 1328; x_wconf 73' lang='lat' dir='ltr'>mur.</span> <span class='ocrx_word' id='word_1_79' title='bbox 200 1285 313 1326; x_wconf 86' lang='lat' dir='ltr'>uerum</span> <span class='ocrx_word' id='word_1_80' title='bbox 331 1283 539 1326; x_wconf 88' lang='lat' dir='ltr'>numerorum</span> <span class='ocrx_word' id='word_1_81' title='bbox 559 1267 601 1344; x_wconf 90' lang='lat' dir='ltr'>A,</span> <span class='ocrx_word' id='word_1_82' title='bbox 619 1264 652 1325; x_wconf 91' lang='grc' dir='ltr'><em>Γ</em></span> <span class='ocrx_word' id='word_1_83' title='bbox 665 1262 807 1325; x_wconf 80' lang='lat' dir='ltr'><strong>maxima</strong></span> <span class='ocrx_word' id='word_1_84' title='bbox 829 1282 981 1325; x_wconf 82' lang='lat' dir='ltr'>mensura</span> <span class='ocrx_word' id='word_1_85' title='bbox 999 1282 1084 1325; x_wconf 83' lang='lat' dir='ltr'>com-</span> 
     </span>
     <span class='ocr_line' id='line_1_12' title="bbox 74 1366 1085 1452; baseline -0.002 -20"><span class='ocrx_word' id='word_1_86' title='bbox 74 1368 178 1432; x_wconf 87' lang='lat' dir='ltr'><strong>munis</strong></span> <span class='ocrx_word' id='word_1_87' title='bbox 214 1371 264 1432; x_wconf 79' lang='lat' dir='ltr'>est</span> <span class='ocrx_word' id='word_1_88' title='bbox 296 1373 334 1433; x_wconf 84' lang='lat' dir='ltr'>E.</span> <span class='ocrx_word' id='word_1_89' title='bbox 385 1369 450 1435; x_wconf 90' lang='lat' dir='ltr'>Z</span> <span class='ocrx_word' id='word_1_90' title='bbox 440 1368 503 1452; x_wconf 80' lang='lat' dir='ltr'>rgit</span> <span class='ocrx_word' id='word_1_91' title='bbox 505 1390 543 1431; x_wconf 91' lang='lat' dir='ltr'>ur</span> <span class='ocrx_word' id='word_1_92' title='bbox 565 1371 597 1430; x_wconf 84' lang='grc' dir='ltr'>Β</span> <span class='ocrx_word' id='word_1_93' title='bbox 618 1368 752 1432; x_wconf 78' lang='lat' dir='ltr'>metitur</span> <span class='ocrx_word' id='word_1_94' title='bbox 778 1366 883 1432; x_wconf 82' lang='lat' dir='ltr'>maior</span> <span class='ocrx_word' id='word_1_95' title='bbox 912 1368 1085 1450; x_wconf 76' lang='lat' dir='ltr'>minorem,</span> 
     </span>
     <span class='ocr_line' id='line_1_13' title="bbox 70 1473 1090 1558; baseline -0.002 -20"><span class='ocrx_word' id='word_1_96' title='bbox 70 1475 157 1558; x_wconf 87' lang='lat' dir='ltr'>quod</span> <span class='ocrx_word' id='word_1_97' title='bbox 194 1474 264 1538; x_wconf 86' lang='lat' dir='ltr'>fieri</span> <span class='ocrx_word' id='word_1_98' title='bbox 302 1494 369 1537; x_wconf 86' lang='lat' dir='ltr'>non</span> <span class='ocrx_word' id='word_1_99' title='bbox 405 1473 588 1555; x_wconf 76' lang='lat' dir='ltr'>potest.</span> <span class='ocrx_word' id='word_1_100' title='bbox 578 1476 688 1555; x_wconf 86' lang='lat' dir='ltr'>a1que</span> <span class='ocrx_word' id='word_1_101' title='bbox 723 1494 874 1536; x_wconf 86' lang='lat' dir='ltr'>numeros</span> <span class='ocrx_word' id='word_1_102' title='bbox 908 1479 955 1556; x_wconf 91' lang='lat' dir='ltr'>A,</span> <span class='ocrx_word' id='word_1_103' title='bbox 983 1477 1029 1554; x_wconf 90' lang='lat' dir='ltr'>B,</span> <span class='ocrx_word' id='word_1_104' title='bbox 1057 1475 1090 1536; x_wconf 90' lang='grc' dir='ltr'><em>Γ</em></span> 
     </span>
     <span class='ocr_line' id='line_1_14' title="bbox 69 1578 1088 1663; baseline -0.003 -19"><span class='ocrx_word' id='word_1_105' title='bbox 69 1602 136 1645; x_wconf 88' lang='lat' dir='ltr'>non</span> <span class='ocrx_word' id='word_1_106' title='bbox 173 1580 327 1643; x_wconf 72' lang='lat' dir='ltr'>metietur</span> <span class='ocrx_word' id='word_1_107' title='bbox 358 1600 511 1643; x_wconf 88' lang='lat' dir='ltr'>numerus</span> <span class='ocrx_word' id='word_1_108' title='bbox 545 1578 650 1642; x_wconf 84' lang='lat' dir='ltr'>maior</span> <span class='ocrx_word' id='word_1_109' title='bbox 680 1599 815 1643; x_wconf 86' lang='lat' dir='ltr'>numero</span> <span class='ocrx_word' id='word_1_110' title='bbox 848 1584 885 1643; x_wconf 90' lang='lat' dir='ltr'>E.</span> <span class='ocrx_word' id='word_1_111' title='bbox 941 1599 1018 1663; x_wconf 82' lang='lat' dir='ltr'>ergo</span> <span class='ocrx_word' id='word_1_112' title='bbox 1056 1582 1088 1641; x_wconf 89' lang='lat' dir='ltr'><em>E</em></span> 
     </span>
     <span class='ocr_line' id='line_1_15' title="bbox 71 1686 1083 1768; baseline -0.005 -17"><span class='ocrx_word' id='word_1_113' title='bbox 71 1688 215 1751; x_wconf 82' lang='lat' dir='ltr'><strong>maxima</strong></span> <span class='ocrx_word' id='word_1_114' title='bbox 240 1689 289 1750; x_wconf 79' lang='lat' dir='ltr'>est</span> <span class='ocrx_word' id='word_1_115' title='bbox 316 1686 496 1751; x_wconf 81' lang='lat' dir='ltr'>eommunis</span> <span class='ocrx_word' id='word_1_116' title='bbox 520 1705 672 1748; x_wconf 84' lang='lat' dir='ltr'>mensura</span> <span class='ocrx_word' id='word_1_117' title='bbox 695 1705 904 1750; x_wconf 87' lang='lat' dir='ltr'>numerorum</span> <span class='ocrx_word' id='word_1_118' title='bbox 933 1690 978 1766; x_wconf 90' lang='lat' dir='ltr'>A,</span> <span class='ocrx_word' id='word_1_119' title='bbox 997 1687 1025 1746; x_wconf 87' lang='lat' dir='ltr'><strong><em>B</em></strong></span> <span class='ocrx_word' id='word_1_120' title='bbox 1042 1686 1083 1768; x_wconf 70' lang='grc' dir='ltr'>Γ,</span> 
     </span>
     <span class='ocr_line' id='line_1_16' title="bbox 65 1788 591 1878; baseline -0.008 -20"><span class='ocrx_word' id='word_1_121' title='bbox 65 1794 153 1878; x_wconf 88' lang='lat' dir='ltr'>quod</span> <span class='ocrx_word' id='word_1_122' title='bbox 177 1796 246 1857; x_wconf 68' lang='lat' dir='ltr'>erat</span> <span class='ocrx_word' id='word_1_123' title='bbox 269 1788 591 1875; x_wconf 55' lang='lat' dir='ltr'>demonserandumff)</span> 
     </span>
    </p>
   </div>
   <div class='ocr_carea' id='block_1_3' title="bbox 543 1984 599 2049">
    <p class='ocr_par' dir='ltr' id='par_1_3' title="bbox 543 1984 599 2049">
     <span class='ocr_line' id='line_1_17' title="bbox 543 1984 599 2049; baseline 0.018 -1"><span class='ocrx_word' id='word_1_124' title='bbox 543 1984 599 2049; x_wconf 88' lang='lat' dir='ltr'>IV.</span> 
     </span>
    </p>
   </div>
   <div class='ocr_carea' id='block_1_4' title="bbox 136 2091 1089 2173">
    <p class='ocr_par' dir='ltr' id='par_1_4' title="bbox 136 2091 1089 2173">
     <span class='ocr_line' id='line_1_18' title="bbox 136 2091 1089 2173; baseline -0.005 -15"><span class='ocrx_word' id='word_1_125' title='bbox 136 2094 248 2159; x_wconf 89' lang='lat' dir='ltr'>Minor</span> <span class='ocrx_word' id='word_1_126' title='bbox 274 2114 428 2156; x_wconf 88' lang='lat' dir='ltr'>numerus</span> <span class='ocrx_word' id='word_1_127' title='bbox 459 2091 592 2156; x_wconf 83' lang='lat' dir='ltr'>maioris</span> <span class='ocrx_word' id='word_1_128' title='bbox 621 2112 748 2173; x_wconf 79' lang='lat' dir='ltr'>semper</span> <span class='ocrx_word' id='word_1_129' title='bbox 771 2094 828 2154; x_wconf 62' lang='lat' dir='ltr'>auo</span> <span class='ocrx_word' id='word_1_130' title='bbox 856 2111 933 2172; x_wconf 89' lang='lat' dir='ltr'>pars</span> <span class='ocrx_word' id='word_1_131' title='bbox 958 2093 1008 2154; x_wconf 67' lang='lat' dir='ltr'>est</span> <span class='ocrx_word' id='word_1_132' title='bbox 1032 2092 1089 2154; x_wconf 76' lang='lat' dir='ltr'>aut</span> 
     </span>
    </p>
   </div>
   <div class='ocr_carea' id='block_1_5' title="bbox 61 2205 1078 2387">
    <p class='ocr_par' dir='ltr' id='par_1_5' title="bbox 61 2205 1078 2387">
     <span class='ocr_line' id='line_1_19' title="bbox 87 2205 183 2267; baseline -0.021 0"><span class='ocrx_word' id='word_1_133' title='bbox 87 2205 183 2267; x_wconf 69' lang='lat' dir='ltr'>artes.</span> 
     </span>
     <span class='ocr_line' id='line_1_20' title="bbox 61 2227 1078 2387; baseline -0.005 -15"><span class='ocrx_word' id='word_1_134' title='bbox 61 2227 84 2288; x_wconf 74' lang='lat' dir='ltr'>p</span> <span class='ocrx_word' id='word_1_135' title='bbox 135 2307 210 2373; x_wconf 77' lang='lat' dir='ltr'>Sint</span> <span class='ocrx_word' id='word_1_136' title='bbox 238 2306 300 2369; x_wconf 90' lang='lat' dir='ltr'>duo</span> <span class='ocrx_word' id='word_1_137' title='bbox 330 2305 458 2368; x_wconf 85' lang='lat' dir='ltr'>numeri</span> <span class='ocrx_word' id='word_1_138' title='bbox 479 2309 518 2387; x_wconf 95' lang='lat' dir='ltr'>A,</span> <span class='ocrx_word' id='word_1_139' title='bbox 536 2307 608 2381; x_wconf 88' lang='grc' dir='ltr'>ΒΓ,</span> <span class='ocrx_word' id='word_1_140' title='bbox 632 2307 664 2367; x_wconf 81' lang='lat' dir='ltr'>et</span> <span class='ocrx_word' id='word_1_141' title='bbox 691 2302 798 2367; x_wconf 87' lang='lat' dir='ltr'>minor</span> <span class='ocrx_word' id='word_1_142' title='bbox 823 2303 866 2368; x_wconf 80' lang='lat' dir='ltr'>sit</span> <span class='ocrx_word' id='word_1_143' title='bbox 889 2305 960 2368; x_wconf 89' lang='grc' dir='ltr'>ΒΓ.</span> <span class='ocrx_word' id='word_1_144' title='bbox 1007 2303 1078 2367; x_wconf 80' lang='lat' dir='ltr'>dieo</span> 
     </span>
    </p>
   </div>
   <div class='ocr_carea' id='block_1_6' title="bbox 64 2411 1091 2710">
    <p class='ocr_par' dir='ltr' id='par_1_6' title="bbox 64 2411 1091 2710">
     <span class='ocr_line' id='line_1_21' title="bbox 65 2411 881 2493; baseline -0.007 -13"><span class='ocrx_word' id='word_1_145' title='bbox 65 2417 135 2479; x_wconf 91' lang='grc' dir='ltr'>ΒΓ</span> <span class='ocrx_word' id='word_1_146' title='bbox 158 2411 285 2477; x_wconf 87' lang='lat' dir='ltr'>numeri</span> <span class='ocrx_word' id='word_1_147' title='bbox 305 2417 337 2474; x_wconf 88' lang='lat' dir='ltr'><em>A</em></span> <span class='ocrx_word' id='word_1_148' title='bbox 361 2415 417 2474; x_wconf 76' lang='lat' dir='ltr'>aut</span> <span class='ocrx_word' id='word_1_149' title='bbox 439 2413 566 2493; x_wconf 80' lang='lat' dir='ltr'>partem</span> <span class='ocrx_word' id='word_1_150' title='bbox 590 2413 647 2473; x_wconf 78' lang='lat' dir='ltr'>aut</span> <span class='ocrx_word' id='word_1_151' title='bbox 668 2412 778 2492; x_wconf 78' lang='lat' dir='ltr'>partes</span> <span class='ocrx_word' id='word_1_152' title='bbox 802 2431 881 2474; x_wconf 84' lang='lat' dir='ltr'>esse.</span> 
     </span>
     <span class='ocr_line' id='line_1_22' title="bbox 133 2513 1087 2600; baseline -0.007 -16"><span class='ocrx_word' id='word_1_153' title='bbox 133 2541 211 2584; x_wconf 85' lang='lat' dir='ltr'>nam</span> <span class='ocrx_word' id='word_1_154' title='bbox 233 2523 272 2600; x_wconf 92' lang='lat' dir='ltr'>A,</span> <span class='ocrx_word' id='word_1_155' title='bbox 292 2518 359 2580; x_wconf 87' lang='grc' dir='ltr'>ΒΓ</span> <span class='ocrx_word' id='word_1_156' title='bbox 378 2520 434 2580; x_wconf 73' lang='lat' dir='ltr'>aut</span> <span class='ocrx_word' id='word_1_157' title='bbox 452 2516 550 2599; x_wconf 92' lang='lat' dir='ltr'>primi</span> <span class='ocrx_word' id='word_1_158' title='bbox 570 2519 646 2581; x_wconf 75' lang='lat' dir='ltr'><strong>sunt</strong></span> <span class='ocrx_word' id='word_1_159' title='bbox 664 2515 750 2579; x_wconf 77' lang='lat' dir='ltr'>inter</span> <span class='ocrx_word' id='word_1_160' title='bbox 769 2537 803 2579; x_wconf 81' lang='lat' dir='ltr'>se</span> <span class='ocrx_word' id='word_1_161' title='bbox 823 2519 879 2579; x_wconf 78' lang='lat' dir='ltr'>aut</span> <span class='ocrx_word' id='word_1_162' title='bbox 897 2536 963 2578; x_wconf 89' lang='lat' dir='ltr'>non</span> <span class='ocrx_word' id='word_1_163' title='bbox 981 2513 1087 2596; x_wconf 88' lang='lat' dir='ltr'>primi.</span> 
     </span>
     <span class='ocr_line' id='line_1_23' title="bbox 64 2619 1091 2710; baseline -0.007 -20"><span class='ocrx_word' id='word_1_164' title='bbox 64 2627 159 2710; x_wconf 86' lang='lat' dir='ltr'>prius</span> <span class='ocrx_word' id='word_1_165' title='bbox 189 2631 234 2707; x_wconf 90' lang='lat' dir='ltr'>A,</span> <span class='ocrx_word' id='word_1_166' title='bbox 252 2626 319 2687; x_wconf 89' lang='grc' dir='ltr'>ΒΓ</span> <span class='ocrx_word' id='word_1_167' title='bbox 344 2622 440 2706; x_wconf 88' lang='lat' dir='ltr'>primi</span> <span class='ocrx_word' id='word_1_168' title='bbox 472 2623 538 2687; x_wconf 79' lang='lat' dir='ltr'>sint</span> <span class='ocrx_word' id='word_1_169' title='bbox 564 2622 650 2686; x_wconf 80' lang='lat' dir='ltr'>inter</span> <span class='ocrx_word' id='word_1_170' title='bbox 678 2642 721 2687; x_wconf 86' lang='lat' dir='ltr'>se.</span> <span class='ocrx_word' id='word_1_171' title='bbox 767 2619 872 2684; x_wconf 84' lang='lat' dir='ltr'>diuiso</span> <span class='ocrx_word' id='word_1_172' title='bbox 900 2619 1001 2701; x_wconf 77' lang='lat' dir='ltr'>igitur</span> <span class='ocrx_word' id='word_1_173' title='bbox 1024 2622 1091 2683; x_wconf 89' lang='grc' dir='ltr'>ΒΓ</span> 
     </span>
    </p>
   </div>
   <div class='ocr_carea' id='block_1_7' title="bbox 68 2829 1088 3044">
    <p class='ocr_par' dir='ltr' id='par_1_7' title="bbox 68 2829 1088 3044">
     <span class='ocr_line' id='line_1_24' title="bbox 144 2829 1088 2901; baseline -0.001 -15.983"><span class='ocrx_word' id='word_1_174' title='bbox 144 2831 282 2901; x_wconf 87' lang='lat' dir='ltr'>1.p)Cfr</span> <span class='ocrx_word' id='word_1_175' title='bbox 286 2835 376 2896; x_wconf 85' lang='grc'>.194,</span> <span class='ocrx_word' id='word_1_176' title='bbox 402 2837 443 2885; x_wconf 80' lang='lat'>12.</span> <span class='ocrx_word' id='word_1_177' title='bbox 480 2830 592 2900; x_wconf 83' lang='lat' dir='ltr'>proprie</span> <span class='ocrx_word' id='word_1_178' title='bbox 616 2847 667 2884; x_wconf 84' lang='lat' dir='ltr'>nec</span> <span class='ocrx_word' id='word_1_179' title='bbox 690 2830 783 2895; x_wconf 80' lang='grc' dir='ltr'>δεῖξαι</span> <span class='ocrx_word' id='word_1_180' title='bbox 805 2846 857 2884; x_wconf 86' lang='lat' dir='ltr'>neo</span> <span class='ocrx_word' id='word_1_181' title='bbox 880 2829 1009 2896; x_wconf 81' lang='grc' dir='ltr'>ποιῆσαι,</span> <span class='ocrx_word' id='word_1_182' title='bbox 1039 2830 1088 2885; x_wconf 84' lang='lat' dir='ltr'>sed</span> 
     </span>
     <span class='ocr_line' id='line_1_25' title="bbox 68 2899 1088 2983; baseline -0.003 -25"><span class='ocrx_word' id='word_1_183' title='bbox 68 2900 165 2972; x_wconf 79' lang='grc' dir='ltr'><strong><em>εὑρεῖν</em></strong></span> <span class='ocrx_word' id='word_1_184' title='bbox 191 2903 340 2956; x_wconf 84' lang='lat' dir='ltr'>dicendum</span> <span class='ocrx_word' id='word_1_185' title='bbox 359 2905 421 2955; x_wconf 72' lang='lat' dir='ltr'>erat</span> <span class='ocrx_word' id='word_1_186' title='bbox 439 2901 613 2983; x_wconf 73' lang='lat' dir='ltr'>(Stpdienp.</span> <span class='ocrx_word' id='word_1_187' title='bbox 634 2902 692 2970; x_wconf 69' lang='grc'>62),</span> <span class='ocrx_word' id='word_1_188' title='bbox 716 2917 781 2954; x_wconf 83' lang='lat' dir='ltr'>nem</span> <span class='ocrx_word' id='word_1_189' title='bbox 799 2917 898 2982; x_wconf 86' lang='lat' dir='ltr'>propp.</span> <span class='ocrx_word' id='word_1_190' title='bbox 917 2899 1020 2954; x_wconf 90' lang='grc' dir='ltr'>ΙΙ-ΙΙΙ</span> <span class='ocrx_word' id='word_1_191' title='bbox 1038 2920 1088 2955; x_wconf 82' lang='grc' dir='ltr'>πο·</span> 
     </span>
     <span class='ocr_line' id='line_1_26' title="bbox 70 2969 1087 3044; baseline -0.003 -16"><span class='ocrx_word' id='word_1_192' title='bbox 70 2977 192 3044; x_wconf 72' lang='lat' dir='ltr'>plepem</span> <span class='ocrx_word' id='word_1_193' title='bbox 212 2974 277 3026; x_wconf 75' lang='lat' dir='ltr'><strong>sunt</strong></span> <span class='ocrx_word' id='word_1_194' title='bbox 291 2972 338 3041; x_wconf 85' lang='lat' dir='ltr'>(ib.</span> <span class='ocrx_word' id='word_1_195' title='bbox 353 2991 381 3041; x_wconf 91' lang='lat' dir='ltr'>p.</span> <span class='ocrx_word' id='word_1_196' title='bbox 398 2974 451 3041; x_wconf 85' lang='grc'>61)</span> <span class='ocrx_word' id='word_1_197' title='bbox 487 2971 553 3026; x_wconf 90' lang='lat' dir='ltr'>inde</span> <span class='ocrx_word' id='word_1_198' title='bbox 568 2974 718 3027; x_wconf 74' lang='lat' dir='ltr'>consecute</span> <span class='ocrx_word' id='word_1_199' title='bbox 733 2974 776 3026; x_wconf 75' lang='lat' dir='ltr'>est</span> <span class='ocrx_word' id='word_1_200' title='bbox 789 2969 911 3026; x_wconf 77' lang='lat' dir='ltr'>uariatio</span> <span class='ocrx_word' id='word_1_201' title='bbox 925 2972 1087 3041; x_wconf 75' lang='lat' dir='ltr'>scripturae.</span> 
     </span>
    </p>
   </div>
   <div class='ocr_carea' id='block_1_8' title="bbox 64 3195 1090 3559">
    <p class='ocr_par' dir='ltr' id='par_1_8' title="bbox 64 3195 1090 3559">
     <span class='ocr_line' id='line_1_27' title="bbox 64 3195 1088 3289; baseline 0 -32"><span class='ocrx_word' id='word_1_202' title='bbox 64 3205 163 3258; x_wconf 70' lang='lat' dir='ltr'>hebet:</span> <span class='ocrx_word' id='word_1_203' title='bbox 193 3200 243 3257; x_wconf 85' lang='grc' dir='ltr'>τὸν</span> <span class='ocrx_word' id='word_1_204' title='bbox 272 3197 360 3257; x_wconf 77' lang='grc' dir='ltr'><strong><em>αυτὸν</em></strong></span> <span class='ocrx_word' id='word_1_205' title='bbox 388 3200 544 3289; x_wconf 69' lang='grc' dir='ltr'><strong><em>δὲτρόπον</em></strong></span> <span class='ocrx_word' id='word_1_206' title='bbox 563 3200 612 3255; x_wconf 80' lang='grc' dir='ltr'>καὶ</span> <span class='ocrx_word' id='word_1_207' title='bbox 630 3196 770 3256; x_wconf 76' lang='grc' dir='ltr'>πλειόνων</span> <span class='ocrx_word' id='word_1_208' title='bbox 789 3195 921 3288; x_wconf 77' lang='grc' dir='ltr'><strong><em>οριθμῶν</em></strong></span> <span class='ocrx_word' id='word_1_209' title='bbox 940 3201 1088 3257; x_wconf 77' lang='grc' dir='ltr'>δοθέντων</span> 
     </span>
     <span class='ocr_line' id='line_1_28' title="bbox 68 3267 1090 3355; baseline -0.001 -28"><span class='ocrx_word' id='word_1_210' title='bbox 68 3271 101 3328; x_wconf 87' lang='grc' dir='ltr'>τὸ</span> <span class='ocrx_word' id='word_1_211' title='bbox 120 3273 254 3355; x_wconf 63' lang='grc' dir='ltr'>μέγιστον</span> <span class='ocrx_word' id='word_1_212' title='bbox 272 3268 370 3328; x_wconf 78' lang='grc' dir='ltr'><strong><em>κοινὸν</em></strong></span> <span class='ocrx_word' id='word_1_213' title='bbox 389 3273 492 3343; x_wconf 81' lang='grc' dir='ltr'><strong><em>μέτρον</em></strong></span> <span class='ocrx_word' id='word_1_214' title='bbox 512 3268 676 3342; x_wconf 77' lang='grc' dir='ltr'><strong><em>εορήοομεν.</em></strong></span> <span class='ocrx_word' id='word_1_215' title='bbox 771 3277 811 3326; x_wconf 81' lang='lat'>15</span> <span class='ocrx_word' id='word_1_216' title='bbox 825 3267 921 3344; x_wconf 78' lang='grc' dir='ltr'><strong><em>Απας]</em></strong></span> <span class='ocrx_word' id='word_1_217' title='bbox 941 3268 969 3327; x_wconf 92' lang='lat' dir='ltr'><em>A</em></span> <span class='ocrx_word' id='word_1_218' title='bbox 991 3273 1090 3328; x_wconf 71' lang='lat' dir='ltr'>littero</span> 
     </span>
     <span class='ocr_line' id='line_1_29' title="bbox 70 3342 1088 3428; baseline -0.002 -30"><span class='ocrx_word' id='word_1_219' title='bbox 70 3343 193 3399; x_wconf 78' lang='lat' dir='ltr'><strong>initialis</strong></span> <span class='ocrx_word' id='word_1_220' title='bbox 213 3345 277 3399; x_wconf 81' lang='lat' dir='ltr'>add.</span> <span class='ocrx_word' id='word_1_221' title='bbox 297 3363 333 3399; x_wconf 92' lang='lat' dir='ltr'>m.</span> <span class='ocrx_word' id='word_1_222' title='bbox 353 3351 383 3413; x_wconf 77' lang='lat'><em>2,</em></span> <span class='ocrx_word' id='word_1_223' title='bbox 403 3348 435 3398; x_wconf 72' lang='lat' dir='ltr'>ut</span> <span class='ocrx_word' id='word_1_224' title='bbox 453 3361 580 3428; x_wconf 84' lang='lat' dir='ltr'>semper</span> <span class='ocrx_word' id='word_1_225' title='bbox 579 3345 650 3424; x_wconf 83' lang='lat' dir='ltr'>fere,</span> <span class='ocrx_word' id='word_1_226' title='bbox 669 3342 708 3409; x_wconf 88' lang='lat' dir='ltr'><em>V,</em></span> <span class='ocrx_word' id='word_1_227' title='bbox 734 3359 802 3397; x_wconf 80' lang='lat' dir='ltr'>erae.</span> <span class='ocrx_word' id='word_1_228' title='bbox 823 3344 857 3409; x_wconf 95' lang='grc' dir='ltr'>Β,</span> <span class='ocrx_word' id='word_1_229' title='bbox 882 3343 988 3398; x_wconf 72' lang='lat' dir='ltr'>habent</span> <span class='ocrx_word' id='word_1_230' title='bbox 1004 3343 1088 3411; x_wconf 77' lang='lat' dir='ltr'>Pprp.</span> 
     </span>
     <span class='ocr_line' id='line_1_30' title="bbox 105 3408 1060 3483; baseline -0.004 -13"><span class='ocrx_word' id='word_1_231' title='bbox 105 3423 147 3471; x_wconf 78' lang='lat'>17.</span> <span class='ocrx_word' id='word_1_232' title='bbox 168 3411 341 3470; x_wconf 75' lang='grc' dir='ltr'><strong><em>ἐλάττωνΓ.</em></strong></span> <span class='ocrx_word' id='word_1_233' title='bbox 408 3421 448 3469; x_wconf 90' lang='grc'>18.</span> <span class='ocrx_word' id='word_1_234' title='bbox 468 3408 580 3481; x_wconf 77' lang='grc' dir='ltr'><em>λέγω</em></span> <span class='ocrx_word' id='word_1_235' title='bbox 564 3434 607 3468; x_wconf 89' lang='grc' dir='ltr'>οτι</span> <span class='ocrx_word' id='word_1_236' title='bbox 639 3412 670 3467; x_wconf 89' lang='lat' dir='ltr'>in</span> <span class='ocrx_word' id='word_1_237' title='bbox 692 3430 745 3468; x_wconf 77' lang='lat' dir='ltr'>rao.</span> <span class='ocrx_word' id='word_1_238' title='bbox 771 3435 803 3483; x_wconf 86' lang='grc' dir='ltr'><strong>φ</strong></span> <span class='ocrx_word' id='word_1_239' title='bbox 858 3434 874 3468; x_wconf 91' lang='grc' dir='ltr'><strong><em>ο</em></strong></span> <span class='ocrx_word' id='word_1_240' title='bbox 903 3417 954 3466; x_wconf 82' lang='grc' dir='ltr'>ΒΓ</span> <span class='ocrx_word' id='word_1_241' title='bbox 974 3410 1060 3465; x_wconf 54' lang='lat' dir='ltr'>me.</span> 
     </span>
     <span class='ocr_line' id='line_1_31' title="bbox 69 3472 1058 3559; baseline -0.005 -18"><span class='ocrx_word' id='word_1_242' title='bbox 69 3503 140 3541; x_wconf 81' lang='lat' dir='ltr'>eres.</span> <span class='ocrx_word' id='word_1_243' title='bbox 164 3487 195 3540; x_wconf 85' lang='lat' dir='ltr'>F.</span> <span class='ocrx_word' id='word_1_244' title='bbox 269 3492 311 3542; x_wconf 77' lang='lat'>21.</span> <span class='ocrx_word' id='word_1_245' title='bbox 331 3483 516 3556; x_wconf 68' lang='lat' dir='ltr'>aporrporV.</span> <span class='ocrx_word' id='word_1_246' title='bbox 591 3491 660 3543; x_wconf 85' lang='lat' dir='ltr'>oA</span> <span class='ocrx_word' id='word_1_247' title='bbox 669 3486 773 3559; x_wconf 52' lang='grc' dir='ltr'>,ΒΓΧ</span> <span class='ocrx_word' id='word_1_248' title='bbox 789 3503 850 3556; x_wconf 64' lang='lat' dir='ltr'>mg.</span> <span class='ocrx_word' id='word_1_249' title='bbox 863 3484 908 3537; x_wconf 59' lang='grc' dir='ltr'>Ἴ</span> <span class='ocrx_word' id='word_1_250' title='bbox 1043 3472 1058 3511; x_wconf 80' lang='lat'>·³</span> 
     </span>
    </p>
   </div>
   <div class='ocr_carea' id='block_1_9' title="bbox 0 0 1182 3818">
    <p class='ocr_par' dir='ltr' id='par_1_9' title="bbox 0 0 1182 3818">
     <span class='ocr_line' id='line_1_32' title="bbox 0 0 1182 3818; baseline 0 0"><span class='ocrx_word' id='word_1_251' title='bbox 0 0 1182 3818; x_wconf 95' lang='lat' dir='ltr'> </span> 
     </span>
    </p>
   </div>
  </div>
 </body>
</html>
