2348 3818
94 166 162 240 434
505 175 696 230 APPENDIK

95 304 180 384 αὐτα
203 317 302 402 μέρη,
327 308 400 383 οἷον
425 319 456 383 εἰ
476 313 571 401 τέχοι
595 320 756 384 δίδοσθαι
774 315 806 388 ς’
826 316 860 401 μ’
881 316 915 384 δ’
936 316 977 404 ε’,
1004 316 1116 405 εὑρεῖν

95 448 157 490 τον
189 419 362 506 ἐλάχιστον
395 419 545 509 άρνδμὸν
577 420 714 490 πάντων
745 427 813 491 τῶν
844 421 885 492 τά
916 422 1003 492 αὐτά
1031 427 1117 513 μέρη

96 526 244 614 ἐχόντων
276 524 400 605 αὐτοῖς.
445 523 595 614 ἀριθμὸν
627 541 755 617 ειρεῖν,
789 527 827 608 δς
859 528 1034 617 ἐλάχιστος
1067 527 1116 599 ιδν

96 635 160 714 ἕξει
187 632 228 701 τὰ
255 634 401 702 δοθέντα
429 632 512 720 μέρη
539 632 578 701 τὸ
606 632 638 704 ς’
666 634 701 721 μ’
730 634 763 703 δ’
793 634 822 703 ε’
846 635 878 707 ς’
903 635 932 718 ζ’
956 635 994 722 η’
1018 637 1058 705 δ’
1091 637 1116 706 ι’

59 738 143 806 σια’
168 739 216 826 ιβ’
239 739 349 807 καλέ
318 743 365 818 εἰς
388 737 535 826 άπειρον.
582 744 636 807 δεῖ
657 731 721 808 οὖν
743 746 860 827 λαβεῖν
882 740 961 822 τοὺς
981 743 1117 830 ὁμωνύ-

96 872 180 931 μους
212 843 326 914 αὐτῶν
358 842 541 954 ἀριθμούς,
572 846 723 914 τουτέστι
754 852 815 915 τοῦ
847 847 960 936 μέν“
938 869 1046 936 ημισυ
1080 877 1118 918 το

97 978 134 1036 α,
161 978 222 1020 του
251 948 351 1038 δέν
378 976 419 1018 τα
447 978 486 1038 μ,
514 955 575 1019 τοῦ
605 950 706 1020 δδδ’
733 979 775 1020 τα
807 958 828 1021 δ
864 954 972 1024 καλέ
1005 957 1120 1029 καὶξ.

95 1059 151 1126 καλ
177 1065 240 1144 ζῆ
262 1068 289 1126 δ
314 1060 392 1127 Na·
415 1063 450 1144 ιβ
468 1058 525 1124 καὶ
547 1059 834 1151 πολλαπλασιάσαι
856 1085 918 1131 τον
942 1090 962 1130 α
997 1062 1051 1130 έπλ
1075 1088 1118 1130 τα

95 1169 135 1254 V
159 1169 374 1254 γίνονταιμ
397 1189 477 1248 ταν
455 1164 554 1232 ’ἐπὶ
576 1167 674 1233 τδιδ·
702 1169 855 1252 γίνονται
874 1173 921 1254 ιβ
944 1170 987 1235 τὰ
1006 1175 1042 1254 ιβ
1062 1168 1117 1238 ἐπὶ

44 1293 76 1343 10
95 1301 135 1342 τα
168 1294 202 1340 ε
225 1273 426 1359 γίνονταιξ·
449 1298 489 1340 τα
514 1270 602 1351 ξέντλ
624 1277 728 1343 ταξ
757 1278 910 1358 γίνονται
932 1275 985 1355 τξ
1014 1301 1056 1342 τα
1080 1277 1117 1356 τξ

96 1379 149 1447 ἐπὶ
180 1384 271 1459 ταζ
316 1379 467 1462 γίνονται
500 1364 726 1467 βαρυνθέντος
758 1383 824 1465 ἔχει
851 1405 890 1447 τα
913 1385 941 1445 ἶ
963 1381 1050 1468 μέρη
1077 1407 1115 1449 το

97 1585 210 1659 σιάσαι
238 1590 290 1658 έπλ
317 1615 378 1657 τον
402 1599 445 1656 ῖᾶ·
476 1594 629 1675 γίνονται
656 1595 757 1681 μ”β
763 1597 836 1672 ζψιι·
856 1582 954 1671 οὗτος
974 1589 992 1660 6
1014 1589 1116 1680 άριθ-

96 1700 158 1784 μὸς
181 1702 247 1784 ἔχει
269 1723 310 1764 τα
335 1696 482 1763 δοθέντα
504 1697 587 1783 μέρη
615 1722 652 1764 το
677 1696 709 1768 ς’
734 1695 767 1783 γ’
793 1695 826 1763 δ’
851 1698 880 1764 ε’
902 1696 935 1768 ς’
961 1696 990 1778 ζ’
1014 1698 1051 1784 η’
1075 1697 1115 1767 δ’

45 1823 77 1872 15
97 1804 121 1871 ι’
158 1804 205 1870 ια’
241 1801 297 1888 ιβ’.
344 1803 396 1870 ἐπὶ
429 1801 564 1869 πάντων
596 1805 665 1870 τῶν
697 1805 887 1890 διδομένων
921 1803 1030 1884 οὕτως
1065 1810 1118 1872 δεῖ

97 1908 395 1990 πολλαπλασιάζειν
420 1908 476 1975 καὶ
499 1907 666 1997 εὑρίσκειν
693 1913 754 1979 τὸν
778 1907 928 1997 άριθμον
954 1935 1018 1978 τον
1042 1911 1115 1980 έλά-

96 2035 211 2102 χιστον
235 2021 352 2102 έχοντα
375 2015 478 2082 ταῦτα
500 2037 541 2080 τα
565 2015 656 2102 μέρη.

532 2226 579 2292 IX
602 2229 672 2292 init.

161 2347 374 2436 Ευρίσιιομεν
396 2347 456 2417 τὸν
480 2355 699 2437 συγκείμενον
727 2349 830 2436 λόγον
853 2353 889 2418 έκ
912 2351 1025 2437 λόγων
1056 2353 1114 2420 διὰ

43 2482 77 2530 20
98 2453 125 2522 ε’
158 2457 219 2521 τοῦ
252 2454 300 2541 η’·
333 2456 395 2540 τὴν
426 2454 463 2522 δέ
492 2458 657 2542 διαίρεσιν
684 2460 745 2523 τοῦ
777 2456 881 2542 λόγου
911 2456 1114 2544 εὑρίσκομεν

97 2558 215 2640 οὕτως’
254 2565 336 2628 ἔστω
370 2587 388 2628 ο
420 2569 453 2628 Α
484 2564 545 2627 τοῦ
577 2569 607 2628 Β
639 2566 792 2648 διπλοῦς,
829 2563 885 2630 καὶ
912 2561 969 2629 ἀπ’
1006 2562 1114 2632 αὐτοῦ

96 2665 232 2754 ἀφελεῖν
269 2670 439 2755 τριπλοῦν.
492 2671 574 2733 ἔστω
608 2667 625 2735 ὁ
661 2675 694 2734 Α
716 2674 748 2735 Γ
778 2671 943 2776 τριπλοῦς.
996 2675 1114 2748 λοιπος

95 2772 161 2860 άρα
189 2773 207 2839 6
237 2779 323 2841 ΓΒ.
369 2774 470 2858 λέγω,
500 2770 551 2839 δτι
580 2773 598 2840 6
628 2780 660 2841 Γ
676 2780 705 2840 Β
734 2773 886 2860 ἡμιόλιός
919 2776 1018 2842 ἐστιν.
1067 2802 1112 2861 μη

95 2901 309 2910 -ιη--α-

168 2975 192 3021 1.
211 2965 325 3052 τύχῃρ.
393 2964 495 3056 5]
467 2955 495 3021 ξ
514 2985 541 3036 p
628 2973 653 3021 2.
677 2961 820 3037 άρνδμόν]
840 2983 929 3036 comp.
948 2966 987 3032 V;
1011 2969 1066 3021 καί
1082 2989 1113 3037 φ.

94 3038 167 3108 τῶν]
193 3034 293 3105 τόνφ.
366 3058 440 3093 αντα
472 3034 618 3125 η-’Ἶιμ
692 3044 717 3094 3.
742 3036 892 3124 έχονταφ.
942 3033 1111 3161 ςάριδμόν]

96 3125 184 3178 comp.
204 3109 244 3175 V;
264 3110 357 3195 ταίφ.
413 3131 445 3172 ος
482 3105 603 3176 οιςἾφ
675 3115 701 3163 4.
720 3105 751 3163 τό
787 3107 869 3191 wip.
942 3103 1111 3180 5']inras.

94 3198 131 3234 m.
152 3186 214 3250 lp.
269 3186 292 3234 6.
313 3175 424 3251 αὐτῶν]
444 3201 461 3249 η
481 3180 625 3247 163va.
681 3184 752 3236 VJ*
731 3202 750 3237 α
787 3178 1112 3250 1:066>erme

96 3262 250 3339 ἔνιοί]
220 3289 253 3322 ια
280 3299 293 3334 ρ
272 3268 366 3323 ναὶ
384 3266 459 3323 τὰς
476 3287 503 3338 p.
577 3274 602 3322 8.
621 3266 664 3337 ἴ]
684 3284 737 3323 om.
758 3268 825 3337 V.
861 3265 1112 3329 πολλαπλασιάσας

95 3338 181 3408 Vpp.
252 3340 529 3410 ’ᾶμρῶτονλῖμμ
602 3345 627 3396 9.
650 3338 695 3409 μ]
718 3341 782 3424 τρία
794 3289 890 3408 Vpp.
933 3338 1111 3479 γινονταιρ

90 3426 204 3482 Semper
226 3427 316 3484 comp.
344 3409 410 3482 Vp
433 3413 591 3482 νίνεταιρ.
681 3405 777 3481 μτά]
801 3412 879 3480 τρία·
906 3404 987 3477 τάμ
1077 3440 1093 3479 y

78 3503 200 3574 πρίαμ
239 3505 402 3577 γιν.εταιμ
476 3501 527 3576 ιβλ
543 3499 646 3571 (ptum
660 3500 731 3565 ῑζψ
791 3503 838 3551 W
857 3495 997 3562 6&vaqu
1009 3496 1110 3564 (ΨΜ)
