2348 3818
332 153 607 207 nummusoruu
624 156 734 207 amur
750 157 798 211 1x.
1010 158 1075 224 399

508 314 629 380 XXIX.

130 437 165 504 si
188 438 294 522 impar
316 459 467 503 numerus
490 437 648 520 imparem
666 461 834 506 numerum
854 443 1075 530 multiplicans

55 566 232 610 numerum
265 543 406 628 aliquem
440 544 595 629 effeceris,
627 569 781 613 numerus
811 550 988 633 productus
1016 551 1076 615 im-

54 674 121 736 par
145 650 215 715 erii.
296 644 298 651 ’
987 644 991 651 ’

173 777 317 826 s——ia
506 758 593 824 Nam
616 763 723 846 impar
745 784 897 830 numerus
920 771 953 830 A
975 767 1078 852 impa-

170 882 366 932 1-——113
434 889 504 932 rem
528 890 697 934 numerum
722 871 989 956 Bmuliiplioans
1018 895 1076 939 nu·

388 1001 394 1039 1
437 995 561 1039 morum
579 978 612 1040 Γ
631 975 758 1041 efficiat.
797 977 881 1062 dioo,
904 1001 1076 1045 numerum

277 1060 304 1111 Γ
436 1084 468 1145 Γ
486 1081 643 1166 imparem
667 1104 747 1148 esso.
1086 1149 1089 1155 .

61 1249 79 1274 ,
129 1209 204 1253 nam
223 1189 376 1272 quoniam
394 1193 427 1252 A
441 1202 484 1255 ><
499 1193 527 1252 Β
543 1219 585 1242 =
602 1190 638 1269 Γ,
660 1211 812 1256 numerus
832 1195 865 1256 Γ
881 1213 920 1256 ex
937 1192 1076 1258 totidem

59 1295 207 1360 numeris
221 1316 355 1360 numero
369 1300 398 1359 Β
413 1294 601 1378 aequalibus
617 1297 816 1380 compositus
834 1302 892 1382 est,
911 1301 991 1383 quot
1005 1300 1075 1364 uni·

58 1405 148 1468 tates
163 1401 288 1466 suntin
302 1407 334 1466 A
349 1399 427 1482 [VII
437 1399 498 1465 def.
515 1401 578 1481 151.
606 1403 639 1466 st
651 1404 785 1487 uterque
799 1408 840 1488 A,
854 1408 882 1469 Β
897 1405 1003 1490 impar
1018 1409 1076 1471 esi.

59 1510 172 1592 itaque
197 1508 229 1572 Γ
251 1505 450 1591 compositus
475 1510 525 1570 est
547 1528 586 1571 ex
608 1506 788 1591 imparibus
811 1511 969 1596 numeris,
999 1535 1076 1597 quo·

60 1637 136 1680 rum
164 1612 337 1678 multitudo
364 1613 471 1697 impar
503 1618 561 1679 est.
607 1633 685 1698 ergo
711 1616 742 1677 Γ
764 1615 870 1699 impar
899 1621 948 1682 esi
971 1620 1078 1702 [prop.

61 1719 204 1806 XXIII];
228 1720 313 1805 quod
338 1723 408 1785 arai
431 1719 725 1784 demonstrandum.

517 1896 620 1964 XXX

134 2019 168 2086 Si
190 2043 343 2086 numerus
366 2021 472 2107 impar
494 2043 607 2107 parem
624 2042 795 2086 numerum
814 2022 955 2106 mei'tur,
977 2023 1077 2089 eiiam

62 2126 233 2193 dimidium
257 2128 325 2193 eius
348 2128 508 2192 metietur.

130 2233 217 2300 Nam
240 2233 347 2318 impar
368 2255 522 2299 numerus
545 2239 578 2298 A
600 2255 712 2319 parem
735 2238 763 2297 Β
787 2234 951 2300 metiatur.
997 2234 1077 2319 dioo,

64 2362 138 2405 eum
163 2340 262 2405 eiiam
286 2340 454 2405 dimidium
478 2339 547 2404 aius
571 2340 689 2405 metiri.

292 2468 369 2510 nam
388 2445 543 2530 quoniam
561 2451 594 2510 A
611 2467 780 2512 numerum
800 2452 828 2511 Β
848 2449 994 2531 metitur,
1013 2469 1077 2512 me·

225 2553 326 2617 iiaiur
341 2553 516 2618 secundum
531 2554 567 2617 Γ.
599 2550 680 2636 diuo,
701 2555 730 2616 Γ
743 2554 901 2637 imparem
915 2574 981 2616 non
996 2573 1077 2618 osso.

225 2681 302 2723 nam
320 2659 348 2723 si
366 2659 438 2722 fieri
455 2661 574 2742 potest,
597 2658 703 2741 impar
722 2659 773 2722 sit.
820 2660 852 2722 et
872 2657 1025 2742 quoniam
1044 2663 1077 2722 A

160 2773 186 2823 Γ
225 2787 395 2835 numerum
418 2768 446 2828 Β
471 2762 646 2828 seeundum
670 2766 703 2826 Γ
720 2764 862 2847 metitur,
886 2764 948 2828 orii

533 2877 567 2935 A
579 2883 623 2938 ><
638 2873 670 2934 Γ
680 2901 722 2923 =
737 2876 774 2936 Β.

226 2977 336 3062 iisque
360 2982 388 3042 Β
412 2977 611 3062 compositus
639 2980 689 3041 ost
712 2998 751 3040 ex
778 2977 919 3041 numeris
948 2976 1079 3061 impari·

63 3084 136 3167 bus,
154 3103 291 3167 quorum
309 3082 482 3148 multiiudo
502 3083 608 3166 impar
627 3085 686 3147 esi.
722 3083 832 3167 itaque
850 3088 879 3147 Β
902 3084 1008 3167 impar
1027 3084 1077 3146 esi

64 3191 170 3273 [prop.
188 3187 327 3272 XXlH];
351 3189 437 3273 quod
460 3189 636 3253 absurdum
653 3191 718 3272 θείη
742 3209 817 3252 nam
841 3189 1078 3275 supposuimus,

71 2650 91 2711 i

85 2960 107 3008 Β

921 3349 1078 3358 ———.

63 3435 120 3488 mg.
135 3418 262 3504 pulli.
345 3421 386 3472 18.
405 3411 563 3504 τόνὶοοιτ.
582 3433 616 3471 ex
634 3411 666 3470 τό
685 3417 806 3473 mlii.
884 3423 926 3471 21.
947 3413 1027 3470 ἔσται
1046 3437 1077 3486 φ.

64 3487 341 3559 22.uou]om.V.-
400 3487 612 3556 23.ocoocBV.
