2348 3818
102 112 169 177 360
478 112 680 165 ΣΤΟΙΧΕΕὶΝ
697 106 743 169 δ’.

101 252 203 335 άλλος
235 254 346 334 οὐδεὶς
376 252 480 340 κύβος
512 257 602 321 ἔσται
636 251 737 339 χωρὶς
768 255 829 320 τοῦ
857 251 1024 342 τετάρτου
1052 247 1114 319 άπὸ

102 364 160 446 τῆς
182 358 330 447 μονάδος
352 360 408 426 καλ
431 362 500 426 τῶν
522 358 586 427 δύο
611 356 863 427 διαλειπόντων.

170 470 214 533 Εἰ
239 465 304 553 γάρ
333 465 498 551 δυνατόν,
526 470 608 533 ἔστω
637 463 655 534 ὁ
685 473 718 532 A
739 463 851 549 κύβος.
896 469 967 533 ἔστι
997 461 1035 531 δὲ
1061 462 1114 530 καὶ

103 566 121 639 ὃ
140 577 173 638 Γ
190 569 306 657 κύβος·
329 571 484 660 τέταρτος
505 570 571 658 γάρ
591 573 680 639 ἐστιν
700 567 764 639 ιἰπὸ
784 574 843 657 τῆς
864 568 1024 657 μονάδος.
1061 574 1116 636 καί

68 678 195 744 σέστιν
222 673 266 756 ὡς
294 672 312 745 6
337 681 370 742 Γ
390 673 476 763 πρὸς
497 674 557 743 τὸν
582 684 630 762 A,
659 675 676 742 6
702 682 731 743 Β
753 673 838 762 πρὸς
858 675 920 744 τὸν
949 681 988 745 Γ·
1016 676 1075 743 καὶ
1096 672 1114 742 6

102 788 131 849 Β
154 782 219 865 άρα
241 779 325 869 πρὸς
347 780 407 848 τὸν
431 786 464 849 Γ
482 779 584 867 λόγον
607 786 685 868 ἔχει,
708 777 749 849 δν
771 780 875 867 κύβος
897 776 981 867 πρός
997 780 1114 868 κύβον.

101 891 161 953 καί
182 890 272 955 ἐστιν
295 885 314 955 ὁ
338 892 370 954 Γ
388 886 502 973 κύβος·
538 887 593 954 καὶ
617 883 635 954 6
659 895 687 955 Β
710 887 776 974 άρα
798 885 903 974 κύβος
924 886 1027 954 ἐστίν.
1059 886 1114 953 καὶ

103 994 177 1060 ἐπεί
201 995 291 1061 ἐστιν
319 990 364 1074 ὡς
391 990 412 1080 ἡ
441 992 544 1080 μονὰς
571 991 654 1077 πρὸς
680 991 741 1061 τὸν
764 1001 811 1080 A,
840 990 858 1061 ὁ
882 1000 912 1061 Α
941 990 1029 1076 πρὸς
1056 989 1114 1059 τὸν

102 1105 148 1183 Β,
172 1096 192 1185 ἡ
216 1099 254 1168 δὲ
276 1099 385 1186 μονδις
408 1098 467 1167 τὸν
490 1108 523 1166 Α
545 1112 658 1187 μετρεῖ
677 1097 760 1167 κατά
782 1097 842 1178 τὰς
869 1090 905 1166 ἐν
933 1094 1028 1189 αύτῷ
1057 1124 1113 1185 μο

51 1222 84 1271 10
102 1202 225 1292 νάδας,
252 1206 308 1272 καὶ
337 1203 355 1272 6
383 1213 415 1271 A
442 1205 509 1292 άρα
536 1203 596 1272 τὸν
620 1213 648 1273 Β
672 1219 785 1293 μετρεῖ
806 1203 886 1273 κατὰ
910 1202 970 1283 τὰς
993 1205 1033 1270 ἐν
1057 1200 1114 1271 αύ-

101 1314 147 1402 τῷ
171 1309 335 1396 μονάδας·
359 1307 377 1378 6
401 1317 434 1377 A
456 1307 522 1398 ἄρα
546 1309 668 1378 ἑαυτὸν
691 1308 986 1389 πολλαπλασιάσας
1008 1308 1115 1397 κύβον

101 1413 162 1483 τὸν
194 1423 222 1483 Β
254 1420 441 1502 πεποίηκεν.
487 1415 547 1483 ἐὰν
584 1416 621 1484 δὲ
656 1415 802 1504 ἀριθμὸς
832 1414 955 1483 ἑαυτὸν
992 1422 1114 1483 πολλοι-

101 1521 287 1601 πλασιάσας
304 1520 411 1608 κύβον
429 1527 520 1611 ποιῇ,
542 1523 600 1590 καὶ
622 1521 723 1603 αὐτὸς
745 1521 847 1607 κύβος
870 1525 970 1589 ἔσται.
1008 1520 1113 1606 κύβος

101 1624 168 1714 άρα
195 1627 251 1695 καὶ
283 1625 300 1695 6
334 1638 378 1696 A·
412 1627 493 1716 ὅπερ
522 1627 584 1716 οὐχ
616 1626 797 1697 ὑπόκειται.
844 1625 906 1694 οὐκ
934 1624 1002 1712 ἄρα
1032 1624 1051 1694 6
1080 1634 1112 1693 A

51 1748 82 1798 ιο
102 1732 204 1819 κύβος
237 1737 335 1804 ἐστίν.
383 1733 505 1823 ὁμοίως
538 1734 580 1822 δὴ
615 1737 781 1822 δείξομεν,
814 1731 867 1801 ὅτι
900 1728 976 1801 οὐδ’
1012 1731 1115 1812 άλλος

104 1836 216 1919 οὐδεὶς
237 1839 341 1926 κύβος
365 1841 434 1908 ἐστὶ
456 1841 557 1927 χωρὶς
579 1845 640 1909 τοῦ
664 1839 821 1927 τετάρτου
844 1837 911 1906 άπὸ
933 1842 993 1925 τῆς
1011 1838 1114 1926 μονά-

103 1951 163 2026 δος
185 1947 241 2015 καὶ
263 1951 331 2014 τῶν
356 1946 419 2015 δύο
445 1949 700 2015 διαλειπόντων·
725 1943 806 2032 ὅπερ
831 1950 898 2013 ἔδει
922 1947 1042 2026 δεῖξαι.

579 2150 636 2189 ια.

167 2225 255 2294 'mcv
279 2225 353 2294 άπὸ
378 2226 553 2313 μονάδος
582 2225 800 2295 ὁποσοιοῦν
828 2225 999 2313 ἀριθμοὶ
1029 2228 1116 2314 ἑξῆς

49 2350 84 2400 20
103 2330 307 2418 άνάλογον
331 2324 446 2418 οἷσιν,
471 2329 489 2401 6
514 2332 685 2400 ἐλάττων
704 2331 774 2400 τὸν
797 2337 960 2418 μείζονα
983 2344 1120 2420 μετρεῖ

102 2436 198 2505 κατά
226 2464 315 2505 τινα
341 2443 419 2507 τῶν
447 2436 708 2525 ὑπαρχόντων
733 2441 773 2505 ἐν
800 2450 884 2516 τοῖς
913 2435 1116 2524 άνάλογον

103 2541 301 2631 άριθμοῖς.

160 2649 334 2720 Ἔστωσαν
367 2649 432 2719 άπὸ
470 2649 618 2738 μονάδος
649 2653 707 2736 τῆς
735 2658 768 2715 A
800 2646 989 2717 ὁποσοιοῦν
1018 2647 1118 2736 ἀριθ-

102 2756 160 2844 μοὶ
183 2757 257 2844 ἑξῆς
280 2755 451 2842 ἀνάλογον
475 2759 511 2823 ολ
530 2763 574 2840 Β,
594 2762 637 2841 Γ,
657 2764 701 2840 Δ,
720 2762 761 2822 E·
785 2755 883 2841 λέγω,
910 2753 961 2823 ὅτι
984 2761 1055 2824 τῶν
1078 2765 1119 2841 Β,

50 2881 84 2930 νο
103 2868 146 2947 Γ,
167 2871 215 2948 A,
240 2870 272 2929 Β
297 2860 315 2930 6
345 2861 514 2950 ἐλάχιστος
542 2861 560 2929 ὁ
588 2870 616 2930 Β
645 2861 706 2928 τὸν
730 2867 761 2927 Ε
781 2874 895 2949 μετρεῖ
925 2860 1008 2928 κατά
1041 2889 1119 2929 τινα

102 2973 171 3037 τῶν
195 2974 238 3052 Γ,
258 2977 300 3036 A.

167 3072 255 3140 Ἐπεὶ
282 3074 346 3161 γάρ
376 3074 466 3140 ἐστιν
494 3070 539 3152 ὡς
565 3069 586 3159 ἡ
611 3082 643 3139 Α
669 3069 776 3158 μονὰς
798 3071 881 3160 πρὸς
906 3069 966 3139 τὸν
989 3079 1034 3158 Β,
1060 3072 1120 3141 οῧ-

103 3207 167 3259 τως
191 3176 208 3246 ό
234 3187 267 3246 A
289 3176 373 3267 πρὸς
395 3177 454 3247 τὸν
479 3186 523 3264 E,
548 3177 657 3257 ἰσάκις
680 3176 745 3267 άρα
769 3174 790 3264 ἡ
814 3188 846 3245 Α
873 3174 981 3265 μονδις
1002 3174 1065 3246 τὸν
1090 3187 1120 3246 Β

175 3363 200 3411 3.
221 3353 296 3426 ἔστι]
316 3376 338 3408 -ι
356 3353 386 3408 in
405 3371 458 3408 ras.
478 3355 518 3422 V,
539 3353 613 3409 ἔστιν
632 3356 663 3409 Ρ.
726 3361 749 3410 5.
769 3349 832 3426 τόν]
850 3355 894 3409 bis
913 3371 967 3409 om.
986 3353 1018 3408 B.
1078 3357 1120 3428 Γ]

104 3429 176 3497 (alt.)
194 3444 279 3498 supra
297 3447 327 3495 φ.
402 3431 426 3480 6.
446 3421 516 3497 άροι]
536 3443 620 3494 supra
638 3445 674 3479 m.
697 3433 709 3479 1
730 3427 760 3479 P.
835 3432 858 3480 7.
879 3420 941 3479 ἐστί
956 3425 1016 3493 Vm.
1094 3432 1120 3482 8.
