2348 3818
102 154 168 218 428
516 156 707 207 APPENDm.

104 297 194 364 ἐστὶν
217 296 238 382 ἡ
263 303 335 363 ΝΕ
355 297 549 382 περιφέρεια
571 299 630 381 τῆς
652 300 715 362 ΕΖ
743 299 972 381 περιφερείας,
1003 313 1124 360 τοσαυ-

102 404 294 467 ταπλασίων
319 400 387 467 ἐστὶ
409 399 465 466 καὶ
489 399 503 466 ί
526 404 634 465 ΘΕΝ
647 395 767 485 τομεὺς
783 402 845 465 τοῦ
869 404 966 464 ΘΕΖ
986 399 1123 485 νομέως.

105 508 136 572 εί
158 503 221 590 ἄρα
241 512 297 589 ἴση
316 505 407 572 ἐστὶν
425 501 446 590 ἡ
466 511 533 570 ΒΛ
551 504 743 591 περιφέρεια
761 507 801 590 τῇ
821 509 895 570 ΕΝ
914 511 1124 594 περιφερείᾳ,

105 618 177 689 ίσος
208 611 277 677 ἐστὶ
309 611 364 678 καί
392 607 410 678 6
439 616 544 677 ΒΗΛ
571 608 692 696 τομεὺς
718 613 764 701 τῷ
793 616 898 677 ΕΘΝ
922 625 1034 696 τομεῖ,
1068 611 1123 678 καὶ

69 721 136 784 σεί
163 714 313 806 ὑπερέχει
345 716 367 802 ἡ
397 723 463 783 ΒΛ
489 717 683 802 περιφέρεια
710 720 768 801 τῆς
796 722 867 782 ΕΝ
895 723 1124 803 περιφερείας,

103 820 256 911 ὑπερέχει
285 823 342 891 καὶ
371 820 389 890 6
413 829 519 889 ΒΗΛ
540 819 661 909 τομεὺς
683 825 744 890 τοῦ
768 828 876 889 ΘΕΝ
893 823 1038 909 τομέως,
1068 824 1123 891 καὶ

105 934 136 997 εί
164 932 321 1015 ἐλλείπει,
349 930 497 996 ἐλλείπει.
542 928 715 1017 τεσσάρων
746 926 788 1015 δὴ
818 925 929 996 ὅντων
963 932 1124 1014 μεγεθῶν

105 1035 168 1103 δύο
188 1035 250 1121 μὲν
267 1039 336 1103 τῶν
354 1039 427 1121 ΒΓ,
447 1042 510 1102 ΕΖ
527 1039 760 1125 περιφερειῶν,
779 1033 843 1101 δύο
863 1034 901 1101 δὲ
917 1038 989 1102 τῶν
1007 1041 1123 1120 ΗΒΓ,

105 1148 201 1208 ΕΘΖ
230 1142 358 1227 τομέων
391 1149 540 1227 είληπται
572 1140 679 1221 ἰσάκις
708 1139 939 1207 πολλαπλάσια
971 1144 1033 1226 τῆς
1062 1139 1123 1227 μὲν

53 1262 86 1311 10
105 1252 173 1314 ΒΓ
191 1251 402 1335 περιφερείας
424 1247 481 1313 καὶ
503 1251 564 1315 τοῦ
588 1252 694 1314 ΗΒΓ
711 1247 837 1332 τομέως
859 1243 887 1330 ἦ
908 1270 943 1312 τε
972 1252 1041 1312 ΒΛ
1068 1270 1123 1314 πε-

106 1355 257 1439 ριφέρεια
280 1352 336 1419 παὶ
360 1349 378 1418 6
401 1357 507 1419 ΗΒΑ
530 1351 664 1438 τομεὺς,
687 1355 746 1438 τῆς
769 1350 807 1418 δέ
827 1357 889 1418 ΕΖ
907 1357 1124 1437 περιφερείας

105 1458 160 1523 παλ
182 1460 244 1525 τοῦ
267 1463 363 1523 ΘΕΖ
385 1459 510 1543 νομέως
540 1458 648 1537 ίσοίιιις
675 1454 906 1525 πολλαπλάσια
937 1455 960 1542 ἥ
988 1482 1023 1523 τε
1055 1464 1128 1525 ΕΝ

106 1564 299 1649 περιφέρεια
321 1563 377 1630 καί
401 1561 418 1631 6
443 1571 551 1632 ΘΕΝ
569 1563 701 1650 τομεύς·
724 1563 780 1630 παλ
804 1564 983 1648 δέδεικται,
1008 1561 1064 1631 ὅτι
1095 1567 1125 1631 εί

105 1665 256 1755 ὑπερέχει
275 1665 296 1756 ἡ
315 1676 380 1737 ΒΛ
398 1672 590 1758 περιφέρεια
608 1674 666 1756 τῆς
683 1675 758 1736 ΕΝ
776 1673 998 1756 περιφερείας,
1021 1669 1123 1758 ὑπερ-

54 1789 86 1837 15
107 1775 172 1860 έχει
199 1776 255 1841 παλ
284 1773 302 1842 6
330 1783 436 1843 ΒΗΛ
462 1775 581 1862 τομεὺς
612 1781 672 1843 τοῦ
706 1782 811 1842 ΕΘΝ
835 1776 975 1860 τομέως,
1008 1775 1066 1842 καὶ
1095 1781 1126 1844 εί

107 1889 177 1966 ἴση,
202 1889 288 1968 ίσος,
312 1883 367 1949 παὶ
391 1886 422 1949 εί
445 1885 599 1968 ἐλλείπει,
630 1885 779 1949 ἐλλείπει.
821 1886 912 1947 ἔστιν
936 1878 1004 1965 ἄρα
1029 1879 1076 1961 ὡς
1103 1879 1122 1968 ἡ

106 1994 173 2055 ΒΓ
191 1989 383 2075 περιφέρεια
406 1987 490 2076 πρὸς
512 1987 574 2074 τὴν
597 1996 674 2075 ΕΖ,
699 1986 805 2066 οὕτως
830 1985 847 2054 6
871 1993 976 2053 ΗΒΓ
1000 1993 1124 2074 νομεὺς

106 2093 190 2180 πρὸς
212 2094 272 2161 τὸν
297 2101 391 2161 ΘΕΖ
414 2095 524 2180 τομέα.

503 2288 722 2375 [Πόρισμα]

56 2424 90 2473 20
177 2412 245 2476 Καὶ
270 2415 385 2496 δῆλον,
410 2411 462 2478 ὅτι
484 2412 540 2478 καὶ
564 2409 609 2490 ὡς
631 2409 649 2478 6
674 2409 792 2497 τομεὺς
814 2413 897 2499 πρὸς
925 2409 987 2478 τὸν
1009 2413 1127 2497 νομέα,

107 2512 213 2596 οὕτως
235 2517 291 2582 καὶ
314 2514 335 2603 ἡ
358 2522 465 2602 γωνία
487 2517 571 2606 πρὸς
593 2516 656 2603 τὴν
679 2523 817 2603 γωνίαν.

472 2729 581 2815 Uulgo
605 2731 683 2814 vn,
706 2732 757 2796 ιο.

171 2848 249 2916 Ἐὰν
281 2866 368 2938 τρεῖς
395 2850 536 2938 ἀριθμοί
565 2849 735 2936 ἀνάλογον
769 2844 867 2936 ὦσιν,
900 2850 918 2919 6
952 2848 1019 2918 ὑπὸ
1055 2857 1124 2921 τῶν

106 2951 220 3040 ἄκρων
244 2962 316 3034 ίσος
339 2956 407 3023 ἐστὶ
430 2960 476 3048 τῷ
501 2955 565 3024 ἀπὸ
589 2962 649 3024 τοῦ
673 2959 784 3043 μέσου.
829 2957 885 3023 καὶ
914 2955 974 3024 ἐὰν
1004 2953 1022 3024 6
1056 2956 1123 3026 ὑπὸ

180 3194 202 3238 1.
222 3182 463 3248 τοσανταπλάσιος
481 3187 563 3255 PBp.
650 3177 675 3241 3.
694 3187 879 3260 περιφερείᾳ]
899 3203 952 3243 om.
971 3186 1006 3240 V.
1097 3195 1122 3241 4.

105 3255 212 3325 ΕΘΝ]
238 3257 323 3325 BFp,
347 3258 438 3310 ΕΘΗ
460 3278 481 3324 φ
502 3260 529 3312 et
549 3276 563 3312 e
583 3274 650 3311 corr.
670 3258 732 3312 PV.
823 3264 847 3311 5.
868 3256 935 3327 ΒΛ]
955 3261 977 3310 Β
997 3273 1070 3314 eras.
1090 3259 1122 3312 Β.

106 3327 743 3396 6.BHA]BHinras.m.2V,HBAP.
818 3328 924 3398 ΘΕΝ]
949 3329 1045 3381 ΕΘΝ
1066 3327 1122 3398 Fp.

106 3402 127 3451 7.
148 3393 203 3470 δή]
223 3396 256 3454 δέ
273 3416 301 3468 p.
375 3405 398 3454 8.
419 3397 483 3469 μέν]
501 3399 623 3453 ΜΡ.
699 3399 1121 3469 10.BP]Becorr.m.1p.

95 3475 138 3529 12.
161 3469 377 3531 πολλαπλάσιον
395 3469 431 3527 V.
506 3476 550 3525 13.
571 3465 823 3541 &mmmm
842 3475 918 3522 M.
992 3470 1122 3541 14.BA]
