2310 3824
108 163 172 227 122
483 159 746 219 z'ronfflsm'.

586 303 639 385 ιζ’.

167 410 258 479 Ἐὰν
280 421 385 500 τρεῖς
407 406 570 479 εὐθεῖαι
593 407 797 496 ἀνάλογον
824 399 937 496 οἷσιν,
967 408 1011 478 τό
1045 409 1123 481 ὑπὸ

102 528 180 588 τῶν
221 516 354 604 ἄκρων
397 516 686 606 περιεχόμενον
732 512 987 604 ὀρθογώνιον
1031 527 1124 589 ἴσον

104 624 188 693 ἐστὶ
224 629 274 715 τῷ
311 621 385 691 ἆαό
422 627 490 710 τῆς
525 623 645 710 μέσης
681 621 927 715 τετραγώνῳ·
964 620 1043 693 κᾶν
1077 628 1121 697 τὸ

69 746 85 794 5
104 727 179 800 ὑπὸ
199 734 276 799 τών
295 729 426 820 ώιιρων
444 727 733 818 περιεχόμενον
752 725 1009 816 ὀρθογώνιον
1030 741 1123 804 ἴσον

104 827 126 924 ᾗ
170 841 221 930 τῷ
267 835 341 906 ώαὸ
378 841 445 924 τῆς
490 837 610 924 μέσης
645 835 894 928 τετραγώνῳ,
936 841 981 905 αἱ
1015 854 1125 930 τρεῖς

47 1014 52 1023 ,
105 940 265 1012 εὐθεῖαι
289 942 494 1030 ἀνάλογον
517 947 686 1010 ἔσονται.

162 1048 337 1119 Ἔστωσαν
362 1061 451 1138 τρεῖς
477 1047 609 1118 εὐθεῖαι
640 1045 811 1134 ἀνάλογον
835 1050 872 1115 αἱ
892 1056 936 1136 A,
953 1057 994 1139 Β,
1014 1059 1055 1140 Γ,
1078 1054 1125 1136 ώς

104 1152 126 1240 ἡ
159 1164 191 1223 A
220 1154 304 1243 πρὸς
332 1156 395 1243 τὴν
423 1163 468 1241 Β,
499 1153 606 1235 οὕτως
635 1151 657 1240 ἡ
686 1161 716 1221 Β
745 1152 830 1242 πρὸς
858 1153 921 1243 τὴν
948 1162 990 1224 Γ·
1023 1161 1123 1247 λέγω,

55 1282 88 1331 10
107 1257 158 1330 ὅτι
180 1261 219 1330 τό
242 1258 309 1330 ὀαό
330 1266 399 1330 τών
422 1271 465 1347 A,
484 1266 517 1330 Γ
535 1258 774 1348 περιεχόμενον
801 1258 1020 1351 ὀρθογώνιον
1044 1273 1122 1336 έσον

106 1366 175 1435 ἐστὶ
197 1371 244 1458 τῷ
268 1365 333 1435 ἀπὸ
356 1371 415 1455 τῆς
437 1374 466 1435 Β
488 1369 695 1458 τετραγώνῳ.

172 1476 312 1542 Κείσθω
335 1477 375 1563 τῇ
398 1478 427 1542 Β
451 1482 508 1561 ἴση
530 1470 552 1560 ἡ
577 1481 619 1542 A.

172 1580 241 1648 Καὶ
273 1582 347 1649 έτεί
375 1582 465 1649 ἐστιν
497 1577 543 1661 ώς
570 1576 590 1666 ἡ
619 1588 652 1646 Α
681 1577 764 1667 πρὸς
798 1576 860 1666 τὴν
888 1587 931 1665 Β,
965 1581 1074 1664 οὕτως
1101 1584 1122 1674 ἡ

105 1692 135 1753 Β
157 1685 242 1776 πρὸς
270 1685 333 1775 τὴν
360 1688 403 1773 Γ,
432 1695 487 1775 ἴση
517 1685 554 1756 δέ
581 1683 602 1774 ἡ
627 1693 656 1754 Β
678 1688 718 1775 τῇ
743 1693 792 1771 A,
821 1690 911 1754 ἔστιν
938 1687 1005 1776 ἄρα
1030 1687 1077 1769 ὡς
1100 1689 1122 1778 ἡ

55 1812 87 1861 15
106 1804 139 1862 A
162 1793 245 1883 πρὸς
266 1793 328 1882 τὴν
351 1802 395 1881 Β,
419 1792 440 1882 ἡ
466 1803 499 1862 A
522 1791 605 1881 πρὸς
632 1790 696 1879 τὴν
723 1797 759 1860 Γ.
806 1791 870 1860 έόιν
897 1791 935 1860 δέ
961 1794 1123 1885 τέσσαρες

106 1899 237 1969 εόθεΐαι
264 1897 435 1986 ἀνάλογον
459 1892 556 1987 ώσιν,
584 1897 622 1968 τὸ
645 1895 711 1967 ὑπὸ
735 1901 804 1967 τῶν
827 1899 940 1988 ἄκρων
971 1903 1123 1990 περιεχό-

105 2033 209 2094 μενον
243 2003 486 2093 [ὀρθογώνιον]
522 2014 597 2072 ἴσον
628 2004 696 2072 ἐστὶ
728 2008 773 2095 τῷ
802 2001 872 2073 ὑπὸ
901 2007 973 2074 τών
1008 2009 1123 2095 μέσων
1150 2075 1154 2084 ,

106 2112 328 2202 περιεχομένῳ
353 2106 563 2203 ὀρθογωνίῳ.
604 2108 642 2178 τὸ
662 2108 729 2198 ἄρα
751 2105 818 2178 ὑαό
841 2114 911 2177 τών
929 2118 972 2198 A,
992 2118 1026 2180 Γ
1045 2123 1124 2185 ἴσον

108 2217 176 2284 ἐστὶ
198 2220 245 2308 τῷ
268 2213 335 2283 ὑπὸ
363 2218 431 2283 τῶν
455 2223 500 2302 Β,
520 2224 561 2284 Δ.
603 2213 689 2284 ἀλλὰ
716 2213 753 2284 τὸ
777 2213 843 2284 ὑπὸ
867 2220 936 2285 τῶν
958 2225 998 2304 Β,
1025 2227 1060 2287 A
1083 2222 1122 2291 τό

55 2342 90 2391 20
109 2318 173 2389 ώτό
205 2326 314 2407 τῆςΒ
344 2323 447 2390 ἐστιν·
481 2330 536 2409 ἴση
564 2319 628 2411 γὰρ
659 2319 796 2412 ἡΒτῇ
820 2331 866 2391 Δ·
897 2321 935 2392 τό
963 2322 1032 2413 ἄρα
1054 2324 1123 2397 ὑπὸ

105 2433 173 2498 τών
206 2437 248 2514 A,
275 2434 308 2496 Γ
335 2427 573 2517 περιεχόμενον
606 2427 821 2517 ὀρθογώνιον
854 2438 930 2527 ἴσον
967 2431 1037 2500 ἐστὶ
1077 2439 1124 2526 τῷ

107 2532 173 2612 ἀπὸ
197 2539 255 2622 τῆς
278 2542 306 2603 Β
330 2535 534 2665 τετραγώνῳ.

169 2639 267 2711 Ἀλλόι
302 2641 343 2729 δὴ
376 2640 414 2711 τὸ
443 2639 509 2709 ὑπὸ
542 2645 611 2710 τών
643 2649 684 2728 A,
699 2646 732 2708 Γ
759 2649 835 2710 ἴσον
865 2647 949 2710 έστω
976 2669 1023 2736 τῳ
1054 2642 1122 2715 ἀπὸ

106 2754 165 2835 τῆς
187 2756 230 2816 Β·
258 2745 408 2835 λέγω,“
388 2771 440 2816 οτι
468 2745 610 2816 ἐστὶν
587 2775 632 2828 ως
658 2742 679 2832 ἡ
704 2753 737 2814 Α
758 2745 841 2836 πρὸς
863 2746 926 2834 τὴν
949 2755 989 2836 Β,
1015 2748 1125 2833 οὕτως

56 2869 89 2918 25
109 2850 129 2940 ἡ
152 2861 180 2921 Β
205 2852 287 2942 πρὸς
309 2853 372 2939 τὴν
395 2860 431 2921 Γ.

178 2962 253 3027 Τῶν
280 2957 346 3046 γὰρ
375 2955 487 3027 αὐτῶν
509 2958 865 3046 κατασκευασθέντων,
894 2959 1025 3027 ἐπεὶ
990 2987 1030 3030 το
1053 2960 1123 3040 ὑπὸ

107 3070 175 3134 τών
206 3071 301 3151 Α,Γ
330 3073 405 3134 ἴσον
438 3066 507 3132 ἐστὶ
539 3069 584 3153 τῷ
617 3062 683 3132 ἀπὸ
711 3068 771 3151 τῆς
798 3073 842 3152 Β,
875 3062 960 3134 ἀλλὰ
986 3066 1026 3137 τὸ
1055 3067 1122 3138 ἀπὸ

106 3174 165 3258 τῆς
188 3178 216 3239 Β
239 3169 277 3239 τὸ
305 3167 372 3238 ὑπὸ
400 3175 470 3239 τών
492 3180 535 3259 Β,
552 3180 585 3238 A
608 3174 710 3239 ἐστιν·
740 3179 795 3256 ἴση
826 3168 889 3257 γὰρ
913 3169 934 3257 ἡ
958 3180 986 3240 Β
1010 3177 1051 3262 τῇ
1076 3183 1123 3243 A·

106 3276 144 3346 τό
173 3274 239 3365 ἄρα
266 3275 333 3345 ὑπὸ
361 3281 429 3345 τών
453 3287 500 3362 A,
515 3284 547 3345 Γ
567 3286 642 3345 ἴσον
671 3277 740 3345 ἐστὶ
767 3280 812 3368 τῷ
836 3273 903 3344 ὑπὸ
925 3281 995 3346 τῶν
1019 3286 1064 3366 Β,
1081 3290 1123 3349 Δ.

180 3425 202 3473 1.
223 3414 279 3490 ιζ’]
307 3421 336 3474 et
358 3417 414 3473 litt.
437 3418 555 3473 initialis
578 3437 614 3472 m.
642 3425 657 3472 2
680 3419 711 3472 V.
802 3423 826 3472 2.
847 3409 897 3471 ὦσι
922 3418 1002 3474 codd.
1096 3426 1122 3475 4.

93 3485 170 3559 τών]
185 3490 237 3544 καὶ
256 3487 290 3547 εί
306 3489 336 3547 V.
427 3496 451 3547 6.
472 3490 534 3563 τῆς]
552 3489 648 3546 insert.
666 3491 767 3560 postea
785 3489 815 3543 F.
904 3494 928 3544 8.
948 3485 982 3542 ιώ
997 3495 1073 3560 τρεῖς
1092 3491 1122 3546 Ρ.
