2348 3818
100 172 167 237 420
509 173 700 223 APPENDIK

99 321 210 382 ΘΚΛ.
257 314 326 381 ἐπεὶ
353 311 418 401 γὰρ
447 312 566 399 ὅμοιόν
595 310 724 380 ἔστιτὸ
748 319 852 379 ABE
877 317 1054 397 τρίγωνον
1078 315 1122 403 τῷ

101 426 204 487 ΖΗΛ
222 418 387 510 τριγώνῳ,
406 416 444 486 τὸ
463 426 567 486 ΑΒΕ
583 416 649 506 ἄρα
667 424 834 504 τρίγωνον
851 416 936 504 πρὸς
956 415 995 484 τὸ
1017 424 1124 485 ΖΗΛ

100 528 300 592 διπλασίονα
332 523 436 610 λόγον
467 528 534 611 ἔχει
565 522 649 612 ἥπερ
681 521 702 609 ἡ
735 530 802 590 ΒΕ
830 521 913 611 πρὸς
944 521 1011 609 τὴν
1042 531 1122 591 ΗΑ.

101 629 158 697 διὰ
180 628 219 696 τὰ
246 627 332 697 αὐτὰ
356 630 399 717 δὴ
419 628 529 697 καὶτὸ
549 635 651 697 ΒΕΓ
669 635 836 716 τρίγωνον
854 628 937 717 πρὸς
955 629 995 695 τὸ
1018 636 1122 697 ΗΛΘ

65 738 267 820 στρίγνονον
300 738 499 802 διπλασίονα
531 735 635 820 λόγον
668 739 734 821 ἔχει
771 733 854 822 ἥπερ
887 730 908 820 ἡ
939 741 1009 801 ΒΕ
1041 733 1123 823 πρὸς

99 837 163 926 τὴν
184 847 265 908 HA.
311 845 402 908 ἔστιν
427 839 492 928 ἄρα
516 838 560 920 ὡς
581 838 620 907 τὸ
644 847 747 907 ΑΒΕ
774 845 940 928 τρίγωνον
970 837 1123 928 πρὸςτὸ

102 952 205 1013 ΖΗΛ
227 952 405 1033 τρίγωνον,
429 946 536 1024 οὕτως
557 945 596 1012 τὸ
619 951 721 1013 ΒΕΓ
739 945 823 1033 πρὸς
844 944 883 1013 τὸ
905 952 1023 1013 ΗΛΘ.
1062 948 1140 1013 ποί.

102 1059 156 1118 λιν
189 1053 258 1120 ἐπεὶ
291 1050 410 1138 ὅμοιόν
439 1052 535 1134 [ἐστι]
563 1049 602 1117 τδ
625 1055 724 1119 ΕΒΓ
748 1057 916 1139 τρίγωνον
943 1053 989 1138 τῷ
1016 1058 1050 1117 A
1057 1059 1124 1118 ΗΘ

101 1157 270 1249 τριγώνῳ,
301 1155 340 1225 τὸ
371 1162 472 1224 ΕΒΓ
499 1154 564 1242 ἄρα
596 1155 680 1244 πρὸς
710 1156 748 1224 τὸ
781 1162 883 1223 ΛΗΘ
916 1159 1123 1225 διπλασίονα

50 1278 84 1328 10
102 1260 206 1347 λόγον
230 1267 295 1348 ἔχει
318 1259 401 1348 ἤπερ
424 1258 445 1347 ἡ
470 1265 535 1328 ΓΕ
558 1260 676 1330 εὐθεῖα
698 1260 782 1348 πρὸς
799 1260 861 1349 τὴν
879 1267 954 1328 ΘΑ.
1002 1261 1064 1330 διὰ
1082 1261 1123 1331 τὰ

103 1364 188 1434 αὐτοὶ
215 1367 258 1454 δὴ
286 1367 342 1433 καὶ
369 1364 401 1433 τί
436 1371 533 1433 ΕΓΔ
560 1373 726 1454 τρίγωνον
756 1365 839 1452 πρὸς
865 1364 902 1433 τὸ
926 1372 1035 1433 ΛΘΚ
1056 1373 1125 1456 τρί

103 1498 215 1557 γονον
244 1477 443 1539 διπλασίονα
470 1470 575 1558 λόγον
607 1478 673 1559 ἔχει
700 1471 785 1560 ἥπερ
812 1469 833 1559 ἡ
863 1477 927 1539 ΓΕ
952 1470 1040 1560 πρὸς
1062 1473 1124 1560 τὴν

103 1583 177 1646 ΘΛ.
222 1581 312 1645 ἔστιν
331 1574 397 1664 ἄρα
421 1575 465 1657 ὡς
482 1577 515 1645 τί
541 1585 643 1645 ΒΕΓ
660 1584 826 1664 τρίγωνον
845 1575 928 1666 πρὸς
945 1577 984 1645 τὸ
1005 1586 1124 1665 ΛΗΘ,

104 1682 210 1762 οὕτως
236 1681 273 1750 τδ
302 1689 404 1750 ΓΕΔ
430 1682 513 1771 πρὸς
542 1681 580 1750 τὸ
610 1688 719 1750 ΛΘΚ.
765 1685 900 1769 ἐδείχθη
929 1682 967 1750 δὲ
997 1686 1056 1753 καὶ
1081 1683 1125 1765 ὡς

53 1808 84 1857 15
103 1787 142 1856 τὸ
175 1794 274 1856 ΕΒΓ
300 1788 383 1877 πρὸς
414 1788 451 1856 τὸ
485 1795 604 1874 ΛΗΘ,
639 1787 746 1868 οὕτως
777 1787 814 1855 τὸ
843 1795 947 1855 ΑΒΕ
971 1789 1062 1879 πρὸς
1087 1788 1124 1857 τὸ

106 1900 216 1960 ΖΗΛ.
262 1895 317 1960 καί
346 1893 390 1974 ὡς
417 1893 481 1983 ἄρα
508 1893 546 1962 τὸ
570 1901 673 1961 ΑΒΕ
694 1893 776 1980 πρὸς
803 1894 840 1962 τὸ
866 1902 987 1980 ΖΗΛ,
1019 1897 1127 1977 οὕτως

104 2000 135 2068 τέ
167 2006 267 2067 ΒΕΓ
285 1999 369 2088 πρὸς
391 1998 428 2066 τὸ
451 2007 557 2068 ΗΛΘ
580 2001 636 2066 καλ
659 2000 696 2067 τὸ
722 2006 818 2068 ΕΓΔ
842 2000 924 2085 πρὸς
947 1999 985 2067 τὸ
1007 2011 1124 2071 ΛΘΚ·

106 2107 186 2192 ὅπερ
211 2110 279 2172 ἔδει
302 2108 415 2185 δεῖξαι.

543 2267 605 2350 vl,
627 2267 679 2332 ατ.

53 2423 88 2473 20
419 2436 422 2443 ·
528 2403 682 2482 Ἄλλως.

164 2528 272 2596 Ἔστω
296 2526 360 2614 γὰρ
384 2527 485 2595 πάλιν
507 2526 528 2614 ἡ
553 2537 617 2596 ΑΒ
640 2537 805 2615 τμηθεῖσα
829 2533 906 2615 δίχα
929 2530 1015 2597 κατὰ
1039 2530 1079 2600 τὸ
1099 2537 1128 2600 Γ

180 2714 203 2761 1.
225 2703 298 2774 ἔστι]
317 2725 353 2760 m.
373 2711 389 2757 2
409 2705 439 2758 F.
498 2711 523 2758 2.
543 2701 616 2776 ἄρα]
636 2723 690 2760 om.
710 2705 743 2760 V.
803 2710 828 2758 4.
848 2705 946 2773 ΒΕΓ]
966 2701 1123 2761 ”Ε’ΒΓΕ.

111 2784 133 2831 7.
153 2777 221 2831 Post
239 2781 324 2830 ΒΕΓ
341 2775 404 2831 add.
424 2777 561 2844 τρίγωνον
580 2777 640 2845 Bp,
658 2793 695 2833 m.
715 2782 730 2828 2
750 2775 810 2830 FV.
883 2782 908 2830 8.
929 2774 1005 2847 ἐστι]
1022 2794 1078 2832 om.
1095 2780 1123 2832 P.

110 2854 151 2900 10.
175 2844 296 2917 εὐθεῖα]
320 2865 356 2902 m.
382 2853 397 2900 2
421 2846 454 2899 V.
547 2853 587 2900 11.
612 2847 710 2916 ΕΓΔ]
735 2863 803 2900 corr.
828 2862 861 2899 ex
886 2849 972 2899 ΓΕΔ
996 2865 1033 2900 m.
1063 2855 1077 2902 1
1098 2867 1122 2918 p.

108 2915 178 2985 πρὸς
197 2914 228 2970 τὸ
248 2919 335 2972 ΛΘΚ
352 2917 499 2986 τρίγωνον]
518 2935 575 2986 mg.
594 2935 630 2970 m.
646 2922 662 2969 2
678 2919 709 2983 Β,
728 2933 781 2970 om.
797 2933 832 2984 ρ,
851 2918 1021 2971 διπλασίονα
1039 2915 1124 2988 λόγον

110 2985 167 3056 ἔχει
186 2985 258 3056 πρός
274 2989 304 3040 in
321 3005 377 3042 ras.
397 3005 432 3040 m.
453 2994 469 3040 2
487 2988 522 3054 Ἐς
543 3005 598 3056 seq.
618 2984 649 3041 τὸ
669 2989 757 3042 ΛΘΚ
772 2990 909 3056 τρίγωνον
928 3007 965 3042 m.
985 2994 1010 3042 1.
1084 2995 1123 3043 12.

109 3060 276 3112 διπλασίονα
290 3054 374 3127 λόγον
388 3056 457 3125 ἔχει]
471 3058 502 3112 in
523 3074 578 3113 ras,
597 3077 632 3111 m.
652 3073 706 3111 rec.
727 3058 756 3114 F.
814 3064 854 3111 13.
874 3059 973 3128 ΒΕΓ]
994 3059 1122 3113 ΕΒΓΡ.

111 3135 152 3184 14.
174 3130 275 3199 ΓΕΔ]
295 3132 377 3183 ΕΓΔ
395 3129 424 3182 P.
517 3134 558 3183 15.
579 3132 659 3182 ABE
678 3125 764 3199 πρός]
793 3127 822 3181 in
841 3144 895 3184 rae.
914 3147 950 3182 m.
970 3134 986 3180 2
1007 3129 1045 3196 V,
1067 3147 1123 3186 se.

34 3236 40 3249 .
109 3194 179 3266 πρός
201 3219 237 3256 m.
264 3208 286 3255 1.
362 3206 402 3255 16.
422 3200 470 3252 καλ
496 3195 533 3261 ὡς
556 3195 660 3268 ἄρα-
678 3206 722 3253 17:
747 3202 833 3252 ΒΕΓ
853 3195 940 3321 πρόςὰ]
965 3198 996 3252 in
1018 3215 1075 3258 ras.
1096 3150 1123 3255 δ

112 3277 153 3324 17.
173 3272 272 3341 ΒΕΓ]
296 3276 317 3323 Β
341 3271 371 3323 in
393 3286 446 3323 ras.
473 3288 510 3325 m.
530 3276 545 3322 2
564 3270 598 3323 V.
688 3268 758 3324 Post
775 3271 864 3323 ΛΘΚ
881 3270 915 3324 ad
939 3312 944 3323 .
965 3269 1056 3357 BVfflz
1077 3273 1124 3326 καὶ

110 3337 148 3402 εδς
167 3338 223 3408 ἄρα
235 3340 270 3395 ἓν
284 3343 339 3395 τῶν
353 3338 519 3428 ἡγουμένων
534 3338 604 3409 πρὸς
615 3337 650 3394 ἓν
665 3340 719 3394 τῶν
735 3336 890 3410 ἑπομένων,
904 3336 993 3402 οὕτως
1007 3360 1124 3396 απαντα

110 3408 145 3466 τοὶ
164 3408 309 3483 ἡγούμενα
328 3411 398 3480 πρὸς
417 3428 531 3463 απαντα
551 3409 585 3464 τὰ
606 3407 731 3481 ἑπόμενα
749 3406 851 3464 παλτὰ
871 3407 955 3464 λοιπά
975 3407 1014 3473 ὡς
1033 3409 1067 3466 ἐν
1092 3414 1122 3484 τῇ

99 3486 230 3561 προτέρα
249 3485 354 3556 δείξεις
374 3483 455 3542 idem
469 3483 508 3554 Β,
525 3482 578 3537 sed
592 3485 694 3552 οοοτοο.
707 3481 804 3534 'mm
817 3481 852 3534 iu
865 3498 919 3534 ms.
994 3488 1035 3536 19.
1057 3485 1124 3538 Post
