2348 3818
79 142 121 208 16
458 143 659 196 ΣΤοΙΧοιιια
678 137 714 197 ε’.

77 287 139 352 τοῦ
163 293 206 370 A,
228 280 266 352 τὸ
296 284 334 351 δὲ
357 292 384 350 Ζ
408 287 469 351 τοῦ
493 289 535 369 Γ,
563 283 618 351 καὶ
646 290 796 369 εἰληπται
822 285 891 351 τῶν
913 288 997 366 Ε,Ζ
1022 283 1094 348 ἰσά-

78 417 130 471 κις
147 388 380 458 πολλαπλάσια
398 387 439 456 τά
458 396 502 474 Κ,
517 395 566 475 A,
589 388 697 469 ἰσάκις
720 387 787 476 άρα
810 389 879 480 ἐστὶ
902 386 1095 455 πολλαπλά-

80 515 156 564 σιον
184 493 222 563 τὸ
251 501 286 562 K
312 497 373 564 τοῦ
401 504 433 563 A
460 496 516 562 καὶ
548 492 587 563 τὸ
621 501 652 561 A
679 498 740 562 τοῦ
769 501 806 562 Γ.
848 491 904 562 διὰ
937 490 978 560 τά
1006 490 1095 561 αὐτὰ

80 600 122 687 δὴ
148 600 257 681 ἰσάκις
281 594 350 669 Ιἐστὶ
371 601 625 670 πολλαπλάσιον
652 598 690 669 τὸ
714 608 760 668 Μ
775 604 836 669 τοῦ
860 608 888 669 Β
912 600 968 667 καὶ
995 597 1035 668 τὸ
1058 604 1100 666 Ν

45 710 141 776 5τοῦ
164 716 206 774 Δ.
248 708 304 774 καὶ
332 710 405 776 ἐπεί
435 710 525 776 ἐστιν
553 704 598 786 ὡς
621 705 659 775 τὸ
684 717 716 775 Α
743 705 827 796 πρὸς
848 705 887 774 τὸ
911 713 957 791 Β,
987 701 1096 785 οὕτως

79 810 119 880 τὸ
142 819 175 880 Γ
192 812 276 902 πρὸς
298 813 336 882 τὸ
365 824 414 900 Δ,
441 815 497 882 καὶ
521 821 671 901 εἰληπται
693 817 762 882 τῶν
785 813 847 900 μὲν
870 822 918 896 A,
932 816 964 878 Γ
984 809 1096 890 ἰσάκις

80 919 312 988 πολλαπλάσια
334 918 374 988 τά
398 927 443 1006 K,
458 928 504 1006 A,
527 923 596 988 τῶν
620 919 658 988 δὲ
680 926 725 1006 Β,
740 929 773 988 Δ
797 918 893 1003 άλλα,
921 913 942 985 ά
966 920 1096 1003 ἔτυχεν,

82 1024 190 1107 ἰσάκις
213 1025 446 1095 πολλαπλάσια
468 1023 509 1092 τά
537 1033 588 1112 Μ,
603 1033 649 1111 Ν,
672 1030 703 1094 εἰ
725 1023 791 1113 άρα
813 1021 966 1113 ὑπερέχει
993 1019 1032 1090 τὸ
1062 1028 1099 1091 K
1136 1082 1139 1087 .

81 1136 141 1200 τοῦ
166 1140 220 1218 Μ,
243 1130 396 1220 ὑπερέχει
414 1131 474 1198 ’καὶ
497 1129 535 1198 τὸ
560 1137 591 1198 A
613 1135 674 1200 τοὺ
693 1139 739 1217 Ν,
762 1132 818 1199 καὶ
841 1135 872 1198 εἰ
894 1137 981 1214 ἰσον,
1006 1134 1095 1214 ἴσον,

47 1238 137 1307 οκαὶ
165 1242 196 1306 εἰ
224 1243 377 1324 ἔλαττον,
406 1243 552 1307 ἔλαττον.
588 1243 648 1305 καί
672 1234 804 1305 ἐστιτὰ
828 1235 889 1322 μὲν
912 1242 956 1322 Κ,
972 1240 1003 1301 A
1025 1237 1097 1302 τῶν

82 1351 123 1427 Ε,
138 1351 165 1409 Ζ
185 1343 293 1424 ἰσάκις
311 1341 553 1427 πολλαπλάσια,
571 1340 612 1409 τά
632 1341 670 1410 δὲ
688 1348 737 1427 Μ,
752 1349 791 1410 Ν
809 1345 878 1409 τῶν
892 1348 938 1426 Η,
953 1347 982 1408 Θ
995 1338 1095 1425 άλλα,

82 1444 104 1515 ά
133 1452 264 1535 ἔτυχεν,
297 1449 405 1528 ἰσάκις
437 1445 682 1516 πολλαπλάσια·
714 1452 804 1515 ἔστιν
831 1444 898 1534 άρα
926 1443 972 1525 ὡς
997 1443 1035 1512 τὸ
1066 1453 1099 1512 Ε

83 1551 166 1641 πρὸς
188 1551 227 1622 τὸ
250 1560 299 1640 Η,
323 1553 429 1635 οὕτως
452 1552 489 1623 τὸ
514 1561 542 1621 Ζ
565 1551 649 1642 πρὸς
670 1550 709 1622 τὸ
732 1560 768 1622 Θ.

147 1657 226 1728 Ἐάν
253 1657 319 1748 ἄρα
346 1664 481 1749 πρῶτον
508 1657 591 1749 πρὸς
619 1659 778 1748 δεύτερον
805 1657 868 1727 τὸν
901 1655 1007 1726 αὐτὸν
1036 1662 1095 1747 ἔχη

44 1786 65 1836 σ
83 1768 186 1853 λόγον
209 1767 265 1834 καὶ
288 1772 402 1852 τρίτον
420 1766 503 1856 πρὸς
521 1767 691 1852 τέταρτον,
714 1765 769 1832 καλ
788 1765 828 1833 τά
846 1763 956 1843 ἰσάκις
973 1770 1097 1831 πολλα-

83 1872 207 1940 πλάσια
238 1876 299 1941 τοῦ
331 1898 367 1940 τε
398 1874 533 1961 πρώτου
563 1872 619 1939 καὶ
651 1877 767 1959 τρίτου
798 1869 881 1959 πρὸς
912 1867 953 1938 τά
986 1868 1098 1950 ἰσάκις

84 1977 318 2045 πολλαπλάσια
344 1982 405 2044 τοῦ
434 1977 592 2062 δευτέρου
619 1976 675 2044 καὶ
706 1977 866 2065 τετάρτου
893 1974 954 2045 τὸν
986 1973 1095 2045 αὑτὸν

85 2083 149 2162 ἔξει
164 2080 268 2167 λόγον
282 2078 363 2150 καθ’
384 2079 568 2150 ὁποιονοῦν
582 2081 901 2169 πολλαπλασιασμὸν
920 2084 1099 2170 ληφθέντα

85 2186 285 2274 κατάλληλα·
309 2185 390 2276 ὅπερ
414 2192 482 2256 ἔδει
506 2190 619 2268 δεῖξαι.

44 2366 68 2416 ιο
573 2345 610 2414 ε’.

149 2449 237 2521 Ἐάν
275 2453 445 2538 μέγεθος
488 2453 684 2539 μεγέθους
726 2453 856 2534 ἰσάκις
892 2446 913 2542 ᾖ
950 2462 1100 2522 πολλα-

85 2557 271 2646 πλάσιον,
304 2556 399 2646 ὅπερ
432 2555 655 2646 ἀφαιρεθὲν
688 2556 997 2647 ἀφαιρεθέντος,
1030 2561 1100 2628 καὶ

86 2664 128 2733 τὸ
156 2663 300 2733 λοιπὸν
323 2668 393 2732 τοῦ
416 2669 559 2732 λοιποῦ
583 2663 714 2744 ἰσάκις
742 2670 852 2732 ἔσται
875 2666 1101 2734 πολλαπλά-

87 2788 193 2855 σιον,
217 2767 463 2838 ὁσαπλάσιόν
487 2768 635 2839 ἔστιτὸ
659 2767 754 2839 ὅλον
777 2775 848 2839 τοῦ
872 2770 976 2840 ὅλου.

161 2918 183 2967 1.
202 2912 270 2982 τῶν]
295 2906 327 2966 τό
350 2911 385 2979 F3
409 2929 478 2968 corr.
502 2930 539 2968 m.
558 2928 613 2966 rec.
703 2918 728 2966 2.
747 2908 968 2984 πολλαπλάσιον]
996 2916 1102 2967 πολλα-

87 2978 192 3037 πλάσια
222 2980 261 3050 V,
286 2998 355 3039 corr.
378 3001 415 3039 m.
441 2990 464 3039 1.
555 2988 579 3036 5.
608 2975 682 3037 οὑτω
706 2983 738 3038 F.
829 2990 853 3037 6.
872 2981 937 3054 μέν]
968 3001 1022 3039 om.
1042 2985 1099 3053 Bp.

124 3059 149 3108 7.
169 3047 202 3124 ά]
221 3071 254 3108 ου
275 3071 306 3108 ra
322 3054 354 3111 F.
446 3061 487 3110 10.
507 3053 575 3108 Post
603 3052 718 3108 ἔλαττον
745 3053 774 3108 in
796 3055 819 3108 P
841 3056 1022 3124 repetunturz
1050 3054 1101 3109 καλ

89 3120 152 3180 ἐπεὶ
174 3071 308 3194 ὑπερίὑει
329 3121 361 3179 τὸ
387 3129 415 3180 Κ
435 3126 485 3180 τοῦ
505 3128 541 3179 Μ
555 3123 604 3177 καὶ
622 3120 654 3178 τὸ
674 3129 698 3178 A
716 3125 766 3178 τοῦ
786 3127 818 3178 Ν
834 3125 883 3179 καὶ
908 3124 935 3179 εἰ
956 3127 1019 3180 ἴσον
1037 3127 1101 3179 ἰτον

87 3195 137 3250 καὶ
151 3193 179 3249 εἰ
192 3193 306 3250 ἔλαττον
321 3193 444 3251 ἔλαττον.
508 3191 584 3250 ἐστιν
597 3193 629 3250 P.
701 3200 725 3249 A
754 3197 982 3253 ecorr.m.2F.
1057 3201 1099 3249 12.

88 3258 122 3339 ά]
151 3281 236 3335 supra
259 3284 294 3321 m.
324 3272 340 3321 λ
368 3266 397 3322 Ρ.
490 3272 532 3319 16.
556 3283 586 3318 τε
612 3196 737 3337 πράτουί
759 3263 894 3336 τετάρτου
921 3288 943 3336 φ
967 3269 1035 3335 (non
1058 3267 1099 3334 F).

89 3342 131 3392 17.
151 3332 225 3392 καθ’
241 3331 395 3393 ὁποιονοῦν
410 3333 674 3407 πολλαπλασιασμὸν
689 3333 739 3390 τὸν
758 3333 847 3391 αὑτὸν
867 3336 925 3403 ἕξει
939 3333 1023 3406 λόγον
1038 3337 1099 3406 Βρς

73 3406 173 3478 .ofr.p.
185 3415 218 3464 14
227 3406 277 3465 lin.
288 3413 401 3464 14—15.
440 3413 481 3462 19.
492 3405 600 3531 (mgna,
608 3424 677 3462 corr.
686 3425 720 3462 ex
729 3409 846 3476 ποιῆσαι
855 3408 888 3462 V.
916 3406 1024 3463 Deinde
1034 3406 1099 3461 add.

87 3476 198 3535 Theon:
218 3474 282 3535 ἐπεὶ
295 3471 347 3534 οὑν
361 3474 490 3549 ἐδείχθη,
504 3473 557 3546 ὅτι,
573 3495 584 3531 ε
611 3472 744 3548 ὑπερέχει
758 3475 789 3533 τὸ
805 3483 833 3534 K
847 3481 896 3532 τοῦ
911 3483 951 3548 Μ,
966 3475 1101 3548 ὑπερέχει
