2348 3818
107 135 171 200 318
484 137 685 190 Στοιααιπα
705 133 743 205 η’.

162 277 337 345 Ἔστωσαν
369 277 431 345 δύο
460 275 571 364 ὅμοιοι
599 279 749 345 ἐπίπεδοι
776 274 917 365 ἀριθμοὶ
946 280 982 346 oc
1009 286 1057 363 A,
1080 283 1118 364 Β,

106 384 161 450 καί
192 387 254 450 τοῦ
287 383 347 469 μὲν
375 392 407 451 A
436 382 577 471 πλευραὶ
604 387 754 450 ἔστωσαν
783 385 819 450 οί
843 389 882 468 Γ,
901 390 936 449 A
962 381 1119 472 ἀριθμοί,

105 493 168 556 τοῦ
199 487 238 555 δὲ
264 495 292 554 Β
322 492 357 556 οί
382 496 427 574 Ε,
447 496 482 555 Ζ.
527 489 584 555 καὶ
613 489 683 556 ἐπεὶ
711 488 823 574 ὅμοιοι
851 490 1007 558 ἐπίπεδοί
1033 495 1120 558 εἰσιν

106 597 141 661 oc
171 592 341 680 ἀνάλογον
368 600 498 682 ἔχοντες
524 592 585 674 τὰς
610 594 770 681 πλευράς,
803 599 893 665 ἔστιν
925 593 993 682 ἄρα
1026 593 1074 676 [ὃς
1101 593 1119 665 6

58 720 86 768 ·5
105 706 137 767 Γ
159 698 243 786 πρὸς
269 700 330 769 τὸν
354 710 401 786 A,
430 697 536 780 οὕτως
563 696 582 768 6
606 708 638 767 E
662 699 747 789 πρὸς
767 699 827 768 τὸν
851 709 886 768 Ζ.
932 702 1020 786 λέγω
1044 695 1120 789 οὖν,

106 805 157 873 ὅτι
179 810 248 874 τῶν
269 816 310 892 Α,
329 813 358 874 Β
382 800 429 885 εἷς
451 807 551 893 μέσος
573 805 745 892 άνάλονόν
769 808 859 875 ἐστιν
879 806 1039 894 ἀριθμός,
1063 810 1121 876 καί

106 908 124 978 6
151 920 183 979 A
214 910 296 999 πρὸς
324 910 383 979 τὸν
410 918 439 977 Β
473 915 673 979 διπλασίονα
701 911 805 998 λόγον
833 917 897 999 ἔχει
930 910 1015 1001 ἤπερ
1045 912 1065 982 6
1093 921 1126 982 Γ

105 1015 188 1105 πρὸς
218 1017 278 1085 τὸν
307 1024 339 1083 Ε
364 1013 384 1103 ἢ
414 1014 432 1084 6
461 1026 495 1085 A
521 1015 604 1104 πρὸς
630 1017 691 1084 τὸν
715 1025 757 1102 Ζ,
784 1019 954 1086 τουτέστιν
982 1017 1069 1107 ἤπερ
1097 1018 1119 1107 ἡ

105 1119 269 1210 ὁμόλογος
291 1122 418 1209 πλευρά
442 1121 525 1210 πρὸς
547 1122 610 1209 τὴν
634 1121 802 1210 ὁμόλογον
827 1123 1014 1210 [πλευράνλ

53 1249 86 1298 1ο
171 1229 240 1296 Καὶ
268 1230 342 1296 ἐπεί
365 1230 456 1296 ἐστιν
484 1225 529 1307 ὡς
552 1228 571 1296 6
594 1236 627 1297 Γ
649 1228 731 1316 πρὸς
753 1227 813 1297 τὸν
837 1238 885 1315 A,
914 1230 1022 1310 οὕτως
1045 1228 1065 1298 ὁ
1091 1239 1122 1299 Ε

103 1335 187 1422 πρὸς
212 1335 272 1403 τὸν
302 1343 343 1419 Ζ,
376 1334 517 1416 ἐναλλὰξ
544 1334 609 1423 ἅμα
638 1337 728 1405 ἐστίν
757 1333 801 1415 ὡς
833 1332 852 1404 6
887 1342 920 1403 Γ
946 1335 1029 1423 πρὸς
1056 1335 1119 1404 τὸν

104 1449 148 1526 Ε,
177 1438 195 1508 6
225 1448 257 1506 A
284 1439 366 1528 πρὸς
392 1440 452 1508 τὸν
476 1448 513 1509 Ζ.
557 1441 613 1507 καὶ
640 1442 710 1508 ἐπεὶ
738 1441 892 1521 ἐπίπεδός
915 1445 1006 1510 ἐστιν
1031 1440 1049 1509 6
1075 1451 1119 1527 A,

103 1546 242 1633 πλευραὶ
272 1546 310 1614 δὲ
337 1545 442 1613 αὐτοῦ
466 1550 501 1613 oc
521 1551 565 1631 Γ,
585 1556 633 1632 Δ,
656 1544 675 1614 6
700 1556 732 1614 A
760 1547 825 1635 άμα
851 1545 911 1614 τὸν
938 1553 971 1614 Γ
995 1556 1120 1615 πολλα-

103 1651 290 1733 πλασιάσας
315 1650 375 1720 τὸν
398 1659 431 1717 A
452 1659 640 1738 πεποίηκεν.
687 1651 744 1720 διά
772 1652 812 1719 τὰ
837 1651 921 1720 αὐτὰ
950 1651 992 1738 δὴ
1016 1655 1074 1721 καὶ
1100 1654 1119 1723 6

53 1775 85 1823 15
105 1767 137 1826 Ε
156 1758 216 1827 τὸν
241 1767 268 1826 Ζ
290 1758 584 1837 πολλαπλασιάσας
606 1757 665 1827 τὸν
689 1764 717 1824 Β
740 1765 927 1845 πεποίηκεν.
973 1755 991 1826 6
1016 1769 1049 1825 A
1076 1764 1120 1847 ὃη

103 1863 163 1932 τὸν
192 1873 223 1932 Ε
248 1862 539 1943 πολλαπλασιάσας
569 1862 629 1931 τὸν
657 1871 696 1930 Η
718 1870 862 1932 ποιείτω.
912 1864 968 1930 καί
997 1866 1068 1932 ἐπὶ
1100 1864 1118 1933 6

104 1980 137 2037 A
158 1969 219 2038 τὸν
242 1969 303 2056 μὲν
326 1976 357 2036 Γ
376 1969 669 2047 πολλαπλασιάσας
692 1968 750 2038 τὸν
773 1979 805 2038 A
831 1976 1027 2056 πεποίηκεν,
1055 1973 1117 2040 τὸν

104 2076 141 2143 δὲ
173 2084 205 2143 Ε
234 2074 526 2154 πολλαπλασιάσας
557 2073 616 2142 τὸν
644 2082 683 2141 Η
705 2081 899 2162 πεποίηκεν,
930 2082 1020 2144 ἔστιν
1048 2077 1118 2165 ἅμα

103 2178 147 2259 ὡς
175 2179 193 2248 6
216 2188 247 2247 Γ
271 2180 354 2267 πρὸς
375 2180 436 2248 τὸν
459 2188 500 2265 Ε,
524 2179 629 2260 οὕτως
653 2179 670 2247 6
694 2191 727 2248 A
753 2180 836 2268 πρὸς
864 2181 925 2249 τὸν
947 2189 991 2249 Η.
1037 2181 1114 2251 ἀλλ’

50 2314 83 2362 20
103 2285 147 2366 ὡς
175 2284 193 2354 6
222 2294 254 2354 Γ
277 2286 359 2373 πρὸς
381 2286 441 2354 τὸν
464 2294 508 2372 Ε,
539 2287 673 2370 [οὕτως]
698 2285 716 2354 6
742 2297 773 2353 A
796 2286 879 2375 πρὸς
905 2285 965 2354 τὸν
988 2295 1030 2354 Ζ·
1058 2290 1116 2356 καὶ

103 2391 148 2473 ὡς
175 2392 240 2479 ἄρα
268 2391 287 2461 6
314 2403 348 2461 A
375 2391 457 2479 πρὸς
485 2395 544 2460 τὸν
567 2400 609 2477 Ζ,
639 2392 745 2473 οὕτως
772 2391 790 2461 6
819 2404 850 2462 A
877 2394 960 2480 πρὸς
986 2394 1047 2461 τὸν
1072 2402 1115 2463 Η.

101 2498 219 2585 πάλιν,
248 2500 317 2567 ἐπεὶ
344 2495 361 2566 6
386 2506 418 2565 Ε
443 2501 503 2565 τὸν
536 2498 598 2584 μὲν
623 2507 656 2564 A
678 2498 971 2577 πολλαπλασιάσας
993 2498 1055 2566 τὸν
1079 2508 1121 2568 Η

101 2611 295 2691 πεποίηκεν,
325 2602 385 2672 τὸν
414 2605 451 2671 δὲ
475 2611 502 2670 Ζ
524 2605 818 2684 πολλαπλασιάσας
840 2604 902 2671 τὸν
924 2610 953 2669 Β
976 2612 1114 2691 πεποίη-

101 2736 173 2796 κεν,
207 2716 297 2778 ἔστιν
329 2708 396 2796 άρα
429 2707 473 2789 ὡς
501 2707 519 2776 6
550 2719 583 2776 A
612 2709 695 2797 πρὸς
723 2710 783 2777 τὸν
813 2718 855 2795 Ζ,
889 2710 997 2787 οὕτως
1030 2708 1048 2778 6
1079 2718 1120 2778 H

48 2843 82 2891 τε
101 2816 184 2903 πρὸς
210 2817 271 2885 τὸν
298 2822 336 2882 Β.
383 2819 518 2901 ἐδείχθη
548 2814 585 2882 66
611 2817 667 2883 καὶ
696 2813 741 2895 ὡς
768 2813 785 2882 ὁ
817 2824 848 2880 A
876 2815 960 2903 πρὸς
986 2815 1049 2883 τὸν
1073 2825 1114 2902 Ζ,

101 2921 208 3001 οὕτως
236 2919 253 2988 6
278 2930 310 2987 A
332 2918 415 3007 πρὸς
437 2918 497 2987 τὸν
520 2928 568 2987 Η·
595 2921 651 2988 καὶ
676 2919 720 2999 ὡς
743 2918 808 3007 άρα
833 2917 851 2987 6
879 2929 912 2986 A
938 2919 1022 3006 πρὸς
1050 2921 1115 2990 τὸν

100 3036 149 3113 Η,
179 3025 287 3105 οὕτως
314 3023 332 3093 6
361 3032 400 3092 H
422 3025 506 3113 πρὸς
528 3025 588 3094 τὸν
611 3034 650 3093 Β.
696 3030 731 3093 οί
757 3036 802 3109 A,
822 3033 866 3107 H,
885 3031 914 3090 Β
941 3026 1008 3112 άρα
1036 3028 1117 3114 ἑξῆς

100 3132 272 3218 άνάλογόν
297 3137 391 3200 είσιν.
431 3135 499 3201 τῶν
526 3140 619 3218 Α,Β
650 3131 716 3218 ἄρα
740 3125 787 3210 εἷς
814 3133 913 3217 μέσος
940 3129 1115 3219 ἀνάλογόν

100 3243 190 3307 ἐστιν
214 3237 368 3326 άριθμός.

172 3408 195 3453 1,
215 3396 351 3469 ἀριθμοί]
376 3414 430 3453 om.
449 3399 512 3466 Vq).
604 3405 628 3452 9.
647 3394 785 3467 πλευράν]
810 3414 863 3452 om.
882 3397 912 3451 P.
1005 3402 1049 3452 11.
1071 3399 1115 3469 Γ]

91 3469 123 3523 1'11
136 3487 190 3526 ναν.
208 3491 237 3541 φ.
296 3476 338 3527 13.
354 3464 630 3532 πολνπλαοιάσαςΡ.
684 3474 728 3521 14.
742 3470 878 3534 πεποίηκε
895 3467 959 3534 vm.
1014 3473 1056 3522 15.
1073 3472 1112 3537 Z]
