2348 3818
84 141 128 208 62
466 140 669 194 Σιοιιιιιιιιιι
688 135 723 195 ε’.

150 282 318 369 Εἰλήφθω
344 281 411 369 γάρ
433 286 502 351 τῶν
525 281 586 368 μέν
611 289 657 367 A,
681 290 715 350 A
738 280 848 362 ἰσάκις
868 282 1104 352 πολλαπλάσια

82 389 123 456 τά
142 395 188 475 Η,
211 396 250 474 Θ,
272 392 340 458 τάν
364 388 402 457 δὲ
418 395 459 474 Β,
482 386 631 471 Βάλλα,
654 384 676 456 ά
699 392 827 476 ἔτυχεν,
850 387 959 469 ἰσάκις
978 396 1105 458 πολλα-

83 493 206 562 πλάσια
232 493 273 561 τὰ
298 501 343 579 Κ,
367 501 413 580 A,
440 495 497 562 καὶ
524 499 572 562 ἔτι
598 498 667 562 τῶν
685 500 724 580 Γ,
749 502 776 561 Ζ
798 492 899 581 άλλα,
927 492 949 562 ά
973 500 1105 584 ἔτυχεν,

84 603 194 682 ἰσάκις
215 602 447 670 πολλαπλάσια
468 599 510 670 τά
533 606 584 687 Μ,
607 607 652 669 Ν.
771 596 773 601 ’

48 721 64 771 6
150 708 220 775 Καὶ
243 709 317 775 ἐπεί
336 710 427 776 ἐστιν
451 705 496 788 ὡς
517 732 556 776 το
579 716 612 774 A
633 705 717 795 πρὸς
738 707 776 776 τὸ
801 715 847 795 Β,
875 705 981 789 οὕτως
1002 707 1044 778 τὸ
1068 719 1105 779 Δ

78 798 166 898 ’πρὸς
187 839 225 882 το
244 821 285 899 Β,
307 815 364 882 καὶ
387 821 537 901 εἰληπιαι
559 817 627 882 τάν
651 812 713 900 μὲν
730 822 774 898 A,
793 822 827 882 A
850 814 959 895 ἰσάκις
980 823 1105 885 πολλα-

82 918 206 988 πλάσια
227 919 268 989 τά
287 927 333 1007 Η,
356 927 396 1006 Θ,
416 924 486 988 τῶν
508 919 547 988 δέ
563 926 605 1006 Β,
623 928 655 988 Ε
675 918 772 1006 άλλα,
794 919 817 989 ά
840 926 967 1008 έινγεν,
990 921 1105 1005 ἰσάκις

82 1026 314 1096 πολλαπλάσια
339 1025 382 1095 τά
402 1033 450 1111 Κ,
473 1034 520 1113 A,
548 1031 639 1094 ἔστιν
667 1025 734 1115 άρα
762 1025 807 1108 ὥς
833 1027 872 1096 τὸ
896 1035 937 1096 Η
953 1027 1040 1117 πρὸς
1062 1028 1102 1099 τὸ

81 1139 130 1219 Κ,
159 1132 265 1212 οὕτως
287 1131 324 1202 τὸ
348 1139 378 1200 Θ
399 1131 483 1221 πρὸς
504 1132 542 1201 τὸ
566 1141 607 1201 Α.
650 1133 707 1202 διὰ
734 1131 775 1201 τά
799 1130 885 1202 αι’πά
908 1133 950 1221 δὴ
974 1135 1033 1203 καὶ
1056 1133 1105 1216 ὦς

30 1240 120 1310 10ιό
142 1247 178 1308 Κ
198 1239 283 1325 πρὸς
304 1238 342 1309 τὸ
367 1246 417 1326 Μ,
441 1236 549 1318 οὕτως
570 1237 609 1308 τὸ
628 1247 659 1306 A
682 1238 767 1328 πρὸς
790 1237 828 1308 τὸ
851 1247 895 1310 Ν.
941 1241 1011 1309 ἐπεὶ
1035 1233 1102 1310 οὖν

81 1353 158 1435 ιρία
184 1347 310 1432 μεγέθη
336 1345 406 1414 ἐστὶ
428 1344 469 1412 τά
495 1352 542 1432 Η,
565 1353 613 1432 Κ,
637 1352 692 1432 Μ,
715 1346 772 1414 καὶ
795 1345 881 1415 άλλα
904 1345 1020 1428 αὐτοῖς
1041 1356 1103 1418 ’ἰσα

80 1453 119 1522 τὸ
143 1458 275 1540 πλῆθος
296 1451 337 1520 τά
360 1459 404 1539 Θ,
427 1459 474 1538 A,
497 1458 542 1535 N,
566 1451 694 1520 σύνδυο
719 1453 958 1540 λαμβανόμενα
980 1454 1039 1521 καὶ
1063 1458 1103 1524 έν

81 1563 127 1650 τῷ
146 1557 237 1652 αὐτῷ
256 1557 357 1651 λόγῳ,
376 1555 416 1627 δι’
439 1568 517 1627 ἰσον
535 1556 613 1646 άρα,
632 1563 663 1626 εἰ
680 1556 833 1646 ὑπερέχει
852 1558 890 1628 τὸ
913 1566 950 1628 H
966 1564 1030 1629 τοῦ
1049 1570 1102 1650 Μ,

81 1661 234 1754 ὑπερέχει
260 1665 316 1733 καὶ
343 1664 380 1733 τὸ
405 1673 433 1734 Θ
455 1669 518 1735 τοῦ
540 1673 590 1751 Ν,
617 1665 674 1733 καὶ
697 1669 728 1733 εἰ
750 1673 841 1750 ἰσον,
870 1673 961 1750 ἴσον,
988 1668 1047 1735 καὶ
1069 1673 1104 1737 εἰ

29 1782 63 1831 15
82 1777 235 1858 ἔλαττον,
264 1776 408 1842 ἔλαττον.
454 1777 513 1841 καί
540 1775 609 1841 έσιι
635 1769 676 1838 τά
698 1770 761 1859 μὲν
783 1778 833 1856 Η,
856 1779 885 1840 Θ
906 1776 975 1840 τῶν
993 1781 1042 1859 A,
1067 1783 1103 1842 A

82 1877 191 1958 ἰσάκις
212 1879 458 1963 πολλαπλάσια,
485 1878 525 1945 τά
550 1877 588 1946 δὲ
609 1883 663 1962 Μ,
686 1885 727 1944 Ν
751 1887 820 1946 τάν
842 1883 881 1963 Γ,
905 1885 933 1945 Ζ
956 1877 1054 1966 άλλα,
1078 1877 1102 1948 ά

82 1989 207 2073 ἔτυχεν,
231 1984 340 2065 ἰσάκις
361 1982 602 2073 πολλαπλάσια.
639 1987 730 2051 ἔστιν
754 1981 820 2069 άρα
843 1981 888 2064 ὡς
906 1984 944 2051 τὸ
964 1993 996 2052 A
1014 1983 1103 2075 πρὸς

81 2089 119 2158 τὸ
143 2097 182 2176 Γ,
206 2090 311 2172 οὕτως
334 2089 371 2160 τὸ
396 2098 429 2157 A
451 2087 535 2176 πρὸς
557 2086 595 2156 τό
620 2095 656 2156 Ζ.
1070 2178 1073 2183 ἡ

145 2195 226 2265 ’Βάν
241 2196 306 2287 άρα
320 2189 341 2287 ᾖ
356 2195 528 2266 ὁποσαοῦν
547 2195 672 2282 μεγέθη
688 2196 744 2264 καὶ
757 2195 844 2266 άλλα
858 2195 973 2279 αὐτοῖς
987 2206 1045 2266 ἰσα
1059 2197 1099 2268 τὸ

29 2329 63 2378 20
82 2306 226 2390 πλῆθος,
255 2304 385 2373 σύνδυο
408 2300 647 2388 λαμβανόμενα
670 2304 708 2371 έν
730 2306 775 2393 τῷ
799 2300 889 2397 αὐτῷ
913 2304 1019 2398 λόγῳ,
1042 2308 1102 2374 καὶ

82 2406 128 2477 δι’
154 2419 231 2478 ἰσου
254 2413 292 2480 έν
314 2415 360 2504 τῷ
389 2407 480 2501 αὐτῷ
508 2407 598 2500 λόγῳ
623 2413 727 2477 ἔσται·
772 2407 854 2499 ὅπερ
882 2415 950 2489 ἔδει
978 2414 1099 2494 δεῖξαι.

556 2648 625 2708 κγ.

144 2743 234 2815 Ἐὰν
260 2738 282 2836 ᾖ
309 2751 399 2831 τρία
427 2747 572 2835 μεγέθη
597 2748 662 2815 καὶ
684 2746 782 2817 άλλα
805 2743 941 2826 αὐτοῖς
964 2756 1031 2815 ἰσα
1054 2748 1101 2819 πὸ

80 2855 233 2939 πλῆθος
252 2850 403 2921 σάνὸνο
422 2852 705 2941 λαμβανόμενα
724 2856 833 2945 ἐντῷ
853 2851 955 2944 αὐτῷ
976 2852 1102 2947 λόγῳ,

27 2951 102 3050 9εῇ
131 2959 174 3028 δὲ
200 2959 468 3046 τεταραγμένη
497 2957 630 3029 αὐτόν
661 2957 683 3047 ἡ
710 2957 924 3047 άναλογία,
951 2960 1017 3028 καὶ
1041 2960 1097 3031 δι’

82 3074 172 3134 ἰσοο
196 3067 309 3158 ἐντῷ
334 3061 436 3159 αὐτῷ
462 3065 564 3158 λόγῳ
589 3071 707 3134 ἔσται.

80 3194 294 3224 .......-Δ--..

153 3271 178 3321 2.
199 3261 250 3334 δέ]
269 3279 369 3349 οιαημ.
405 3266 439 3316 In
457 3263 478 3316 F
497 3263 527 3316 in
550 3260 604 3317 hae
631 3278 695 3332 pag.
721 3260 864 3331 complura
888 3277 968 3317 euan.
1056 3259 1078 3316 ά

82 3351 136 3391 om.
155 3335 195 3390 F?
277 3339 301 3390 3.
322 3333 358 3405 α]
380 3333 484 3389 om.F.
566 3339 591 3388 ὅ.
609 3330 680 3401 πρὸς
699 3329 742 3404 ιό]
762 3332 864 3388 iuras.
882 3351 910 3402 p.
994 3339 1018 3388 ⁷.
1039 3331 1076 3388 δέ

80 3423 238 3476 παῖσαι).
312 3398 350 3476 ά]
368 3404 491 3460 nm.
566 3410 590 3459 9.
610 3400 696 3476 πρός]
716 3421 769 3462 om.
790 3424 821 3472 φ.
895 3409 935 3459 12.
956 3399 991 3458 τά
1012 3404 1047 3472 Θ,
1061 3411 1098 3474 A,

68 3478 129 3596 ἕ]
148 3495 202 3534 om.
218 3497 253 3549 μς
272 3496 309 3535 m.
329 3482 345 3532 2
364 3475 404 3542 V3
422 3492 478 3545 mg.
498 3494 534 3529 m.
549 3491 604 3530 ree.
620 3475 651 3531 B.
725 3479 766 3530 15.
787 3473 913 3545 ἔλασσον,
933 3470 1050 3530 ἔλασσον
1066 3493 1100 3544 p.
