2310 3824
42 91 85 175 ρο
423 90 624 151 troam
643 84 679 144 τ.

44 232 89 313 ὡς
112 231 133 319 ή
157 240 226 299 ΒΔ
248 230 332 318 πρὸς
353 229 417 316 τήν
440 238 526 317 ΔΑ,
550 232 657 310 οὕτως
674 227 696 317 ἡ
714 235 780 299 ΓΕ
794 229 879 319 πρὸς
895 231 961 319 τήν
979 240 1052 318 ΕΑ,
1090 312 1093 317 Ι

42 337 116 407 ἀλλ’
148 336 193 417 ώς
221 337 282 424 μὲν
310 335 331 423 ἡ
359 344 430 405 ΒΔ
452 336 535 420 πρὸς
561 337 625 423 τήν
649 324 734 423 ΔΑ,
762 338 870 418 οὕτως
891 337 931 408 τὸ
955 346 1055 409 ΒΔΕ

45 451 213 534 τρίγωνον
235 442 317 532 πρὸς
339 443 376 512 τὸ
401 451 510 512 ΑΔΕ
529 449 708 530 τρίγωνον,
731 440 777 524 ώς
795 443 835 512 δὲ
851 442 873 531 ή
892 450 960 514 ΓΕ
975 445 1053 529 πρὸς

44 551 108 639 τήν
139 560 219 636 ΕΑ,
254 552 360 630 οὕτως
391 548 429 618 τὸ
457 556 557 617 ΓΔΕ
580 555 748 637 τρίγωνον
773 548 858 639 πρὸς
883 548 923 620 τὸ
953 558 1055 620 ΑΔΕ

8 664 226 746 υτρίγωνον,
258 660 314 726 καὶ
344 656 390 737 ὡς
418 654 484 743 ἄρα
511 654 548 724 τὸ
579 664 685 724 ΒΔΕ
711 662 878 745 τρήωνον
908 657 995 747 πρὸς
1019 657 1053 727 τὸ

45 771 153 832 ΑΔΕ
180 770 361 854 τρίγωνον,
392 762 499 841 οὕτως
530 760 568 830 τὸ
591 769 692 830 ΓΔΕ
712 769 879 852 τρίγωνον
908 764 995 853 πρὸς
1019 764 1053 833 τὸ

44 878 154 939 ΑΔΕ
192 876 368 959 τρίγωνον.
423 870 581 955 ἑκάτερον
617 867 684 956 ἄρα
715 872 785 938 τών
816 877 940 959 ΒΔΕ,
962 876 1057 941 ΓΔΕ

44 978 219 1066 τριγώνων
242 976 325 1064 πρὸς
347 975 385 1044 τὸ
404 984 512 1044 ΑΔΕ
527 975 588 1044 τὸν
607 973 711 1044 αὐτὸν
734 980 800 1064 ἔχει
826 975 942 1064 λόγον.
983 984 1055 1047 ἴσον

46 1082 112 1172 ἄρα
142 1084 211 1151 ἐστὶ
238 1082 276 1149 τὸ
299 1089 405 1151 ΒΔΕ
425 1088 592 1170 τρίγωνον
618 1085 664 1172 τῷ
688 1087 788 1150 ΓΔΕ
806 1082 977 1176 τριγώνῳ·
1001 1088 1058 1151 καί

10 1194 134 1257 θεῖσιν
167 1190 220 1256 ἐπὶ
251 1194 310 1276 τῆς
342 1188 446 1274 αὐτῆς
476 1188 606 1275 βάσεως
638 1191 698 1274 τῆς
732 1195 815 1263 ΔΕ.Ι
857 1187 899 1256 τὰ
933 1190 973 1259 δὲ
999 1196 1055 1256 {aa

47 1300 194 1382 τρίγωνα
216 1295 273 1361 καὶ
296 1295 348 1362 ἐπὶ
372 1300 430 1380 τῆς
453 1292 557 1382 αὐτῆς
580 1294 710 1381 βάσεως
732 1292 813 1363 ὄντα
836 1296 894 1363 καὶ
922 1298 962 1365 ἐν
986 1306 1056 1375 ταῖς

46 1397 162 1479 αὐτοῖς
195 1399 421 1487 παραλλήλοις
449 1403 548 1468 ἐστίν.
589 1399 800 1489 παράλληλος
826 1399 895 1490 ἄρα
922 1398 1056 1489 ἐστλνή

47 1514 117 1574 ΔΕ
136 1509 176 1596 τῇ
199 1512 271 1574 ΒΓ.

109 1610 190 1681 Ἐὰν
212 1612 279 1698 ἄρα
302 1612 470 1703 τριγώνου
492 1613 581 1703 παρὰ
606 1617 687 1700 μίαν
704 1618 773 1682 τών
791 1618 949 1700 πλευρῶν
968 1614 1058 1705 ἀχθῇ

12 1734 28 1783 5
46 1745 96 1799 τις
114 1719 243 1807 εὐθεῖα,
262 1719 432 1808 ἀνάλογον
451 1732 543 1807 τεμεῖ
557 1720 618 1800 τὰς
634 1723 697 1788 τοῦ
713 1720 882 1807 τριγώνου
900 1722 1059 1811 πλευράς·

45 1827 101 1895 καὶ
125 1826 185 1895 ἐὰν
204 1831 241 1895 αλ
257 1831 320 1896 τοῦ
339 1828 506 1916 τριγώνου
524 1827 665 1916 πλευραὶ
683 1824 853 1913 ἀνάλογον
870 1833 1060 1915 τμηθῶσιν,

44 1931 65 2018 ή
90 1934 143 2000 ἐπὶ
166 1933 226 2011 τὰς
248 1934 352 2019 τομὰς
375 1934 631 2019 ἐπιζευγνυμένη
655 1931 774 2002 εὐθεῖα
796 1932 886 2021 παρὰ
909 1933 975 2021 τήν
994 1944 1060 2005 λοι-

47 2035 113 2122 πὴν
142 2041 233 2103 ἔσται
262 2040 324 2104 τοῦ
353 2037 521 2123 τριγώνου
549 2037 711 2127 πλευράν·
742 2035 822 2128 ὅπερ
846 2042 915 2107 ἔδει
946 2044 1061 2125 δεῖξαι.

531 2242 575 2301 γ.

0 2350 27 2398 ’0
110 2332 200 2401 Ἐὰν
227 2336 425 2423 τριγώνου
457 2336 478 2424 ή
514 2344 640 2425 γωνία
673 2344 762 2426 δίχα
785 2344 932 2429 τμηθῇ,
965 2340 988 2429 ή
1021 2342 1063 2411 δὲ

48 2441 247 2527 τέμνουσα
278 2441 349 2528 τήν
381 2450 531 2530 γωνίαν
563 2442 705 2513 εὐθεῖα
735 2448 858 2535 τέμνη
890 2447 958 2514 καὶ
992 2449 1061 2535 τήν

48 2545 183 2634 βάσιν,
206 2545 251 2614 τὰ
274 2552 342 2633 τῆς
364 2548 514 2635 βάσεως
537 2550 717 2638 τμήματα
739 2549 807 2620 τὸν
837 2550 960 2622 αὐτὸν
985 2556 1063 2637 ἕξει

49 2654 171 2741 λόγον
202 2667 287 2734 ταῖς
323 2661 481 2735 λοιπαῖς
516 2660 587 2725 τοῦ
623 2657 822 2745 τριγώνου
858 2666 1061 2750 πλευραῖς·

48 2760 113 2825 καὶ
137 2758 205 2827 ἐὰν
228 2757 272 2826 τὰ
295 2763 362 2848 τής
385 2760 535 2847 βάσεως
556 2763 734 2851 τμήματα
755 2762 825 2832 τὸν
848 2760 972 2835 αὐτὸν
997 2774 1062 2857 ἔχη

18 2864 173 2952 ῖλόγον
209 2878 294 2945 ταῖς
329 2874 486 2948 λοιπαῖς
522 2873 593 2936 τοῦ
624 2869 823 2958 τριγώνου
854 2878 1062 2961 πλευραῖς,

45 2968 66 3057 ή
100 2967 173 3038 ἀπὸ
202 2976 271 3057 τής
298 2978 475 3062 κορυφῆς
503 2975 565 3042 ἐπὶ
587 2975 658 3061 τήν
685 2975 810 3064 τομήν
832 2978 1062 3064 ἐπιζευγνυ-

51 3078 147 3163 μένη
190 3074 329 3146 εὐθεῖα
370 3084 459 3166 δίχα
499 3094 610 3168 τεμεῖ
647 3080 719 3169 τήν
755 3086 824 3150 τοῦ
860 3084 1062 3172 τριγώνου

48 3209 208 3268 γωνιαν.

119 3350 145 3399 3.
154 3343 302 3413 τρίγωνον]
313 3344 384 3412 (alt.)
394 3362 447 3400 om.
455 3344 488 3399 V.
527 3351 551 3399 4.
562 3341 613 3414 τήν
624 3347 692 3418 ΕΑ]
704 3342 734 3401 τὸ
747 3350 799 3401 ΕΑ
809 3364 866 3418 seq.
876 3366 928 3405 rae.
942 3350 1063 3408 111000.

84 3420 108 3469 5.
133 3414 181 3468 καλ
204 3410 242 3477 ώς
265 3411 323 3482 ἄρα
347 3446 380 3455 -
405 3421 434 3468 7:
459 3419 543 3469 ΑΔΕ
566 3418 714 3489 τρίγωνον]
738 3437 794 3489 mg.
817 3438 854 3475 m.
878 3425 895 3474 2
919 3418 954 3477 V.
1037 3428 1062 3478 Β.
