2348 3818
103 142 169 209 378
473 143 674 197 Συοιευιου
691 140 736 197 ε’.

104 283 191 366 ἅπαξ
218 282 284 353 ὑπὸ
312 290 396 369 ΔΕ,
414 290 478 350 ΕΖ
505 283 589 372 πρὸς
614 282 674 351 τὸν
701 279 768 352 ὑπὸ
792 290 876 369 ΛΕ,
896 289 959 350 ΕΖ
988 286 1122 371 πρῶτοί

105 395 201 459 εἰσιν.
248 393 295 456 ἔτι
319 387 463 456 διελόντι
491 392 526 456 ολ
551 387 616 456 ἀπὸ
639 393 707 458 τῶν
739 395 822 475 ΔΕ,
841 396 904 456 ΕΖ
936 387 1003 477 ἄρα
1037 388 1121 478 πρὸς

104 495 164 563 τὸν
191 491 258 562 ὑπὸ
288 502 371 581 ΔΕ,
394 503 456 563 ΕΖ
488 499 617 583 πρῶτοί
645 500 741 563 εἰσιν.
789 498 849 562 καί
879 498 969 563 ἐστιν
1003 493 1022 563 6
1056 497 1119 583 μὲν

104 599 170 669 ιἰιτὸ
197 603 259 669 τοῦ
281 609 352 668 ΔΕ
373 598 392 669 6
414 612 461 687 A,
490 598 509 669 6
538 600 576 668 δὲ
599 598 664 668 ὑπὸ
687 604 755 669 τῶν
783 607 949 686 ΔΕ,ΕΖ
976 598 995 670 6
1026 609 1073 688 B,
1101 601 1119 670 6

69 706 144 777 566
167 705 233 774 ἀπὸ
256 711 317 775 τοῦ
341 715 402 775 ΕΖ
425 704 444 774 6
467 713 504 776 Γ.
541 710 576 773 ολ
597 714 644 793 Α,
663 712 696 774 Γ
713 704 780 794 ἄρα
799 708 1018 787 συντεθέντες
1037 705 1121 796 πρὸς

104 811 164 880 τὸν
187 821 216 881 Β
239 817 368 901 πρῶτοί
387 817 488 902 εἰσιν·
504 812 595 902 Ιὅπερ
619 817 686 880 ἔδει
710 814 824 894 δεῖξαι.

584 1007 639 1079 ις’.

169 1143 258 1215 Ἐὰν
290 1146 362 1216 δύο
395 1146 563 1236 ἀριθμοὶ
599 1152 748 1237 πρῶτοι
786 1147 883 1236 πρὸς
918 1144 1121 1236 ἀλλήλους

107 1246 219 1339 ὦσιν,
243 1249 314 1321 οὐκ
337 1258 445 1321 ἔσται
470 1251 520 1333 ὥς
543 1251 561 1322 6
585 1258 737 1342 πρῶτος
759 1253 857 1342 πρὸς
884 1253 952 1321 τὸν
981 1253 1119 1324 δεύτε-

54 1383 88 1431 10
107 1384 192 1447 ρον,
217 1357 343 1436 οὕτως
365 1355 383 1425 6
409 1358 595 1447 δεύτερος
618 1358 715 1446 ιιρός
738 1357 860 1427 ἄλλον
882 1359 982 1427 τινά.

173 1462 249 1531 Δύο
272 1461 337 1551 γὰρ
360 1462 502 1553 ἀριθμοὶ
526 1469 561 1532 ολ
581 1476 628 1552 A,
647 1474 675 1534 B
698 1469 824 1553 πρῶτοι
845 1463 929 1553 πρὸς
952 1463 1119 1553 ἀλλήλους

106 1573 267 1636 ἔστωσαν·
295 1569 396 1656 λέγω,
426 1568 478 1638 ὅτι
507 1568 569 1639 οὐκ
587 1575 687 1639 Ιἔστιν
716 1568 762 1651 ὥς
789 1569 807 1639 6
832 1580 865 1638 A
886 1568 971 1659 πρὸς
992 1569 1057 1639 τὸν
1080 1579 1117 1651 Β,

107 1674 213 1755 οὕτως
237 1672 255 1742 6
280 1683 308 1742 Β
330 1674 414 1762 πρὸς
436 1675 541 1744 ἄλλον
564 1677 650 1745 τινά.

176 1785 218 1847 Εἰ
245 1779 310 1870 γὰρ
339 1781 502 1866 δυνατόν,
535 1787 617 1851 ἔστω
647 1779 692 1863 ὡς
720 1780 738 1851 6
767 1793 799 1851 A
826 1781 909 1871 πρὸς
935 1784 999 1850 τὸν
1029 1791 1073 1870 Β,
1100 1781 1115 1849 6

55 1894 135 1954 15B
162 1885 246 1973 πρὸς
272 1890 334 1954 τὸν
361 1892 398 1956 Γ.
444 1891 479 1955 οἱ
504 1887 541 1955 δὲ
568 1896 663 1974 Α,Β
691 1893 831 1976 πρῶτοι,
865 1892 900 1956 ολ
925 1887 963 1955 δὲ
991 1893 1116 1976 πρῶτοι

105 1993 161 2059 καὶ
185 1992 366 2080 ἐλάχιστοι,
391 1995 425 2058 ολ
447 1992 484 2060 δὲ
507 1993 673 2081 ἐλάχιστοι
696 1991 837 2081 ἀριθμοὶ
861 1997 1022 2081 μετροῦσι
1041 1992 1117 2072 τοὺς

106 2097 167 2165 τὸν
195 2096 299 2165 αὐτὸν
326 2097 430 2184 λόγον
453 2104 589 2185 ἔχοντας
613 2100 720 2179 ἰσάκις
748 2099 768 2166 6
790 2126 824 2167 τε
847 2098 1041 2186 ἡγούμενος
1057 2097 1117 2166 τὸν

106 2199 297 2288 ἡγούμενον
320 2204 375 2270 κοιλ
399 2201 417 2271 6
442 2205 603 2291 ἑπόμενος
625 2203 685 2273 τὸν
710 2204 888 2292 ἑπόμενον·
916 2219 1033 2292 μετρεῖ
1052 2205 1118 2291 ἄρα

108 2306 125 2374 6
150 2315 183 2373 A
205 2306 314 2375 τόνΒ
337 2306 384 2388 ὡς
405 2307 592 2396 ἡγούμενος
613 2308 813 2398 ἡγούμενον.
859 2323 972 2397 μετρεῖ
998 2309 1037 2377 δὲ
1063 2309 1119 2376 καὶ

53 2438 90 2486 20
108 2413 242 2482 ἑαυτόν·
272 2411 289 2481 6
319 2424 351 2481 A
377 2413 441 2503 ἄρα
469 2414 549 2495 τοὺς
571 2425 618 2503 Α,
637 2425 665 2483 Β
689 2430 802 2504 μετρεῖ
831 2413 984 2503 πρώτους
1019 2413 1119 2494 ὄντας

107 2517 191 2606 πρὸς
208 2517 385 2607 ἀλλήλους·
411 2522 491 2610 ὅπερ
512 2523 646 2590 ἄτοπον.
685 2522 747 2590 οὐκ
770 2520 836 2610 ἄρα
859 2526 949 2588 ἔσται
974 2517 1021 2600 ὡς
1045 2517 1063 2587 6
1089 2528 1120 2586 A

104 2624 191 2713 πρὸς
212 2625 273 2694 τὸν
295 2634 334 2714 Β,
358 2625 465 2706 οὕτως
488 2627 505 2695 ὁ
526 2637 554 2695 Β
574 2627 657 2716 πρὸς
675 2628 736 2696 τὸν
750 2633 791 2695 Γ·
815 2626 897 2714 ὅπερ
917 2629 985 2692 ἔδει
1005 2627 1121 2706 δεῖξαι.

587 2820 640 2902 ιζ’.

172 2957 259 3027 Ἐὰν
284 2950 381 3027 ὦσιν
406 2957 703 3047 ὁσοιδηποτοῦν
726 2958 895 3047 ἀριθμοὶ
919 2961 1007 3046 ἑξῆς
1027 2960 1123 3028 ἀνοί-

180 3177 204 3225 1.
218 3167 293 3240 ὑπό]
308 3167 493 3242 ὑπὸτῶνῖφ
504 3174 575 3243 (bis).
621 3170 731 3241 πρῶτός
741 3169 816 3227 ἐστιν
827 3171 911 3260 qu.
959 3178 984 3226 2.
1000 3170 1045 3296 οξ)
1062 3168 1079 3226 6
1096 3191 1123 3241 q.

110 3247 134 3297 3,
153 3237 210 3296 ὑπὸ
230 3243 286 3295 τῶν
299 3241 333 3296 V.
369 3239 479 3310 πρῶτός
498 3242 556 3299 ἔστι
575 3245 659 3313 thq.
715 3239 833 3313 wad]
854 3238 991 3311 υτιόΒφ,
1052 3252 1123 3297 m.1

110 3315 189 3378 (corr.
209 3331 244 3366 m.
265 3316 300 3381 2).
359 3315 427 3383 τοῦ]
449 3316 504 3368 τῶν
523 3315 585 3382 Vq).
650 3320 674 3370 7.
694 3312 755 3385 ις’]
774 3315 840 3368 hinc
857 3330 950 3368 rursus
970 3313 1073 3383 incipit
1092 3314 1123 3370 F.

109 3388 134 3436 8.
154 3380 223 3454 δύο]
238 3402 275 3438 m.
291 3391 306 3439 2
321 3383 350 3439 F.
407 3391 447 3439 14.
468 3380 500 3456 6]
519 3385 616 3454 (prius)
630 3380 647 3453 ἡ
664 3406 685 3454 φ
701 3385 766 3452 (non
781 3386 822 3453 F).
880 3390 920 3438 17.
937 3381 1055 3452 ἔχοντας
1070 3380 1123 3438 αὖ·

108 3460 166 3516 τοῖς
184 3455 217 3510 V,
299 3449 364 3510 ὅτε
379 3485 413 3496 -
429 3461 475 3509 18:
496 3452 651 3528 ἑπόμενον]
671 3473 724 3511 om.
744 3455 841 3511 Theon
860 3453 993 3524 (BFVq).
1081 3460 1123 3511 18.
