2348 3818
104 130 170 196 320
479 133 680 186 Σοουωοωια
697 129 738 201 η’.

171 275 267 357 Λέγω
297 271 356 359 δή,
389 270 440 340 ὅτι
467 273 523 339 καὶ
551 270 569 340 6
597 283 630 340 A
656 271 741 361 πρὸς
767 273 827 342 τὸν
856 281 883 341 Β
918 278 1116 341 διπλασίονα

104 378 207 463 λόγον
235 382 301 464 ἔχει
333 376 417 464 ἥπερ
445 374 465 465 ὴ
495 377 661 464 ὁμόλογος
687 376 814 465 πλευρὰ
841 377 926 464 πρὸς
953 377 1018 464 τὴν
1041 376 1117 465 ὁμό-

103 491 208 569 λογον
235 483 400 571 πλευροίν,
426 485 598 552 τουτέστιν
626 485 709 572 ἥπερ
738 481 757 552 6
781 490 813 551 Γ
839 482 923 570 πρὸς
949 482 1013 553 τὸν
1042 491 1075 551 Ε
1098 479 1117 569 ἢ

105 589 123 657 6
158 597 191 656 A
218 586 301 675 πρὸς
329 589 390 657 τὸν
419 598 454 658 Ζ.
501 590 569 657 ἐπεὶ
597 590 662 677 γὰρ
691 593 727 657 οί
752 598 799 674 A,
817 596 915 674 H,B
943 591 1021 676 ἑξῆς
1043 588 1120 657 ἀνοί-

69 694 208 781 6λομόν
232 700 335 781 είσιυ,
359 692 377 764 6
401 705 434 762 A
457 693 541 783 πρὸς
562 692 622 762 τδυ
645 702 674 763 Β
698 700 899 763 διπλασίονα
922 695 1029 782 λόγον
1054 701 1119 783 ἔχει

24 856 31 877 ,
104 800 188 889 ἥπερ
216 802 299 890 πρὸς
327 800 385 870 τὸν
414 808 457 869 Η.
502 807 561 868 καί
587 804 677 869 ἐστιν
706 798 750 882 ὡς
778 799 796 870 ὁ
825 811 857 869 A
880 800 964 890 πρὸς
987 802 1051 870 τὸν
1074 807 1119 888 Η,

104 909 210 989 οὕτως
229 907 301 977 ὅτε
324 914 356 977 Γ
375 906 457 996 πρὸς
479 906 539 976 τὸν
563 914 593 974 Ε
614 907 669 974 καὶ
694 907 712 975 6
738 917 771 974 A
794 905 876 996 πρὸς
898 906 958 975 τὸν
985 913 1023 976 Ζ.
1063 909 1119 975 καὶ

104 1014 122 1082 6
147 1023 179 1082 A
201 1013 267 1103 ἄρα
290 1012 373 1103 πρὸς
394 1013 454 1082 τὸν
478 1021 507 1080 Β
531 1018 731 1081 διπλασίονα
759 1012 861 1099 λόγον
890 1018 956 1100 ἔχει
987 1012 1075 1102 ἤπερ
1099 1011 1117 1080 6

104 1125 137 1187 Γ
157 1119 241 1206 πρὸς
262 1119 322 1189 τὸν
345 1128 378 1188 Ε
397 1117 418 1206 ἢ
443 1119 461 1189 6
486 1129 520 1186 A
542 1117 624 1206 πρὸς
646 1118 707 1186 τὸν
732 1127 772 1186 Ζ·
802 1120 882 1207 ὅπερ
907 1123 975 1187 ἔδει
1001 1121 1117 1200 δείξαι.

53 1357 86 1405 10
576 1331 637 1400 ιδ’.

171 1453 255 1521 Δύο
288 1449 437 1541 ὁμοίων
470 1459 640 1543 στερεῶν
673 1453 857 1542 ἀριθμῶν
890 1455 961 1522 δύο
1001 1455 1119 1542 μέσοι

104 1558 303 1646 ἆυοίλομον
327 1565 591 1648 ἐμπίπτουσιν
615 1558 795 1649 ἀριθμοί·
818 1561 882 1628 καὶ
906 1561 924 1627 6
954 1560 1120 1648 στερεὸς

103 1664 199 1753 πρὸς
230 1667 298 1735 τὸν
327 1669 472 1754 ὅμοιον
505 1667 667 1755 στερεὸν
694 1673 961 1754 τριπλασίονα
994 1668 1119 1753 λόγον

104 1779 183 1860 ἔχει
215 1772 310 1861 ἤπερ
343 1770 363 1859 ἡ
396 1770 589 1857 ὁμόλογος
615 1771 764 1859 πλευρὰ
793 1770 890 1856 πρὸς
922 1769 995 1856 τὴν
1025 1771 1118 1860 ὁμό-

53 1902 85 1950 15
104 1886 225 1967 λογον
248 1878 431 1966 πλευράν.

100 2008 104 2021 ·
161 1985 336 2053 Ἔστωσαν
368 1984 431 2051 δύο
465 1982 577 2070 ὅμοιοι
610 1985 737 2071 στερεοὶ
771 1987 806 2052 οί
831 1991 878 2068 A,
897 1989 940 2068 Β,
971 1983 1028 2050 καὶ
1058 1989 1117 2052 τοῦ

103 2091 164 2177 μὲν
189 2102 220 2158 Α
242 2090 382 2178 πλευραὶ
406 2094 555 2157 ἔστωσαν
579 2093 614 2157 οἱ
635 2096 678 2174 Γ,
698 2098 745 2174 A,
765 2096 809 2175 E,
833 2092 894 2155 τοῦ
918 2088 956 2156 δὲ
975 2095 1004 2154 Β
1025 2093 1062 2156 οἱ
1080 2098 1116 2175 Ζ,

104 2202 154 2281 Η,
174 2203 211 2264 Θ.
255 2197 310 2261 καὶ
343 2195 411 2262 ἐπεὶ
445 2195 556 2281 ὅμοιοι
589 2201 721 2283 στερεοί
750 2199 835 2262 εἰσιν
874 2197 908 2261 οί
944 2192 1116 2282 ἀνάλογον

104 2308 234 2389 ἔχοντες
265 2301 324 2382 τὰς
355 2301 515 2388 πλευράς,
548 2306 638 2368 ἔστιν
670 2299 737 2389 ἄρα
765 2298 809 2380 ὡς
840 2299 901 2386 μὲν
930 2297 947 2367 6
979 2308 1012 2369 Γ
1034 2302 1116 2390 πρὸς

50 2431 84 2479 20
103 2407 163 2476 τὸν
187 2416 231 2493 A,
256 2405 361 2487 οὕτως
385 2404 402 2473 6
428 2415 455 2473 Z
478 2405 561 2491 πρὸς
584 2405 644 2474 τὸν
669 2411 712 2492 Η,
736 2404 781 2486 ὡς
804 2406 841 2473 δὲ
860 2406 877 2473 6
899 2415 932 2472 A
950 2407 1036 2495 πρὸς
1055 2407 1114 2476 τδυ

103 2521 146 2597 E,
180 2511 285 2594 οὕτως
317 2514 334 2581 6
364 2520 404 2579 H
426 2511 508 2599 πρὸς
536 2512 596 2581 τὸν
624 2520 661 2581 Θ.
706 2514 806 2601 λέγω,
840 2515 891 2581 ὅτι
918 2517 987 2582 τῶν
1020 2522 1115 2600 Α,Β

104 2621 166 2688 δύο
199 2623 293 2707 μέσοι
326 2618 496 2704 ἀνάλογον
527 2621 745 2704 ἐμπίπτουσιν
772 2618 929 2707 ἀριθμοί,
958 2621 1015 2686 καλ
1041 2621 1059 2687 6
1086 2630 1115 2687 A

102 2725 186 2813 πρὸς
212 2725 272 2793 τὸν
300 2734 329 2792 Β
356 2732 575 2811 τριπλασίονα
602 2725 706 2811 λόγον
734 2731 800 2813 ἔχει
827 2722 910 2813 ἥπερ
935 2723 952 2793 6
979 2732 1012 2793 Γ
1028 2726 1115 2814 πρὸς

101 2830 161 2898 τὸν
185 2839 213 2897 Ζ
236 2832 291 2897 καὶ
314 2831 331 2897 6
358 2837 391 2896 A
413 2829 496 2917 πρὸς
519 2828 579 2897 τὸν
602 2837 642 2896 Η
659 2832 714 2898 καὶ
738 2836 785 2898 ἔτι
809 2832 826 2899 6
848 2840 880 2898 E
895 2829 979 2918 πρὸς
996 2830 1060 2900 τὸν
1080 2840 1114 2899 Θ.

51 2959 84 3007 25
165 2935 200 3003 ‘0
228 2943 259 3003 Γ
282 2935 346 3026 γὰρ
369 2935 431 3005 τὸν
454 2945 488 3003 A
510 2937 802 3018 πολλαπλασιάσας
824 2935 884 3005 τὸν
907 2943 942 3003 K
967 2943 1115 3024 ποιείτω,

103 3039 120 3109 6
153 3041 190 3108 δὲ
218 3049 245 3107 Ζ
273 3042 332 3110 τὸν
357 3049 394 3112 Η
416 3044 707 3123 πολλαπλασιάσας
730 3043 790 3110 τὸν
814 3050 846 3109 A
869 3048 1014 3112 ποιείτω.
1061 3045 1114 3111 καὶ

174 3261 198 3308 4.
218 3251 281 3326 τόν]
300 3250 351 3322 τήν
370 3255 400 3309 Ρ.
474 3261 497 3309 6.
517 3250 580 3325 τόν]
605 3255 676 3324 (alt.)
697 3272 766 3310 corr.
786 3271 820 3308 ex
838 3251 870 3308 τό
891 3273 927 3309 m.
947 3261 963 3308 2
983 3253 1014 3309 Ρ.
1090 3262 1113 3309 8.

102 3321 160 3392 ἄρα
184 3326 352 3379 διπλασίονα
376 3320 459 3392 λόγον
485 3323 543 3394 ἔχει
566 3323 636 3395 πρὸς
661 3323 711 3380 τὸν
731 3330 751 3379 Β
770 3325 832 3392 Vm.
906 3320 921 3377 6
943 3326 984 3397 Γ]
1005 3319 1021 3380 ὅ
1041 3346 1072 3381 τε
1094 3330 1117 3380 Γ

101 3394 223 3462 ΡΒλῙφς
238 3412 306 3449 corr.
322 3393 365 3450 ed.
380 3394 465 3451 Basil.
521 3401 563 3452 11.
583 3395 673 3467 μίοοι]
689 3389 782 3466 ὅμοιοι
797 3395 823 3449 V
838 3398 918 3463 (corr.
933 3414 970 3450 m.
987 3400 1065 3465 τοο),
1086 3419 1114 3465 φ.

99 3472 141 3521 16,
167 3464 212 3538 οἱ]
236 3461 356 3536 ἀριθμοί
379 3461 408 3520 ολ
429 3485 464 3534 φ,
484 3466 550 3523 Vm.
570 3474 594 3522 2.
687 3473 729 3523 17.
748 3463 813 3536 μέν]
838 3483 892 3524 οω.
911 3465 948 3533 Β,
971 3483 1060 3536 supra
1079 3486 1114 3522 m.
