2348 3818
77 149 143 213 214
456 151 656 204 ΣΤοΙΧΕιΩΝ
675 146 705 217 e.

77 289 120 378 δὴ
154 300 230 359 ἴσον
262 289 300 358 τὸ
332 293 463 378 πλῆθος
493 297 562 360 τοῖν
589 300 677 380 ΑΗ,
700 299 767 360 ΗΒ
794 295 842 384 τῷ
873 290 999 379 πλήθει
1025 294 1090 360 τῶν

76 403 161 481 ΔΘ,
180 403 252 463 ΘΕ.
297 397 353 464 καὶ
377 399 460 485 έτιιί,
488 394 508 466 ὅ
532 399 632 485 μέρος
654 398 745 467 ἐστὶν
768 395 786 466 5
810 405 886 466 AH
903 402 965 466 τοῦ
989 404 1028 485 Γ,
1055 396 1091 465 τὸ

76 499 159 570 αὐτὸ
179 503 279 591 μέρος
292 503 361 571 ἐστὶ
374 504 430 571 καὶ
449 501 467 573 5
488 511 555 572 ΔΘ
571 507 633 573 τοῦ
653 512 691 591 Ζ,
710 505 766 572 καὶ
784 504 936 591 ἐναλλάξ,
955 500 975 572 ὅ
995 505 1093 593 μέρος

77 608 169 676 ἐστὶν
198 605 217 676 5
244 614 319 676 ΑΗ
342 614 404 678 τοῦ
433 617 500 679 ΛΘ
526 607 548 697 5
581 612 680 697 μέρη,
711 611 750 678 τὸ
781 607 863 679 αὐτὸ
896 610 997 699 μέρος
1026 610 1094 679 ἐστὶ

43 713 133 780 δοιαὶ
163 710 181 781 5
210 718 243 780 Γ
265 716 326 781 τοῦ
355 722 382 782 Ζ
408 711 430 802 5
460 714 501 784 τὰ
530 713 735 804 αὐταμέρη.
783 715 840 784 διὰ
867 712 909 783 τὰ
936 712 1022 784 αὐτοὶ
1051 713 1093 802 55

75 825 146 905 καί,
176 816 194 887 ὅ
223 821 324 907 μέρος
351 821 442 888 ἐστὶν
471 818 582 889 ὁΗΒ
604 825 666 889 τοῦ
689 829 756 888 ΘΕ
776 817 798 907 5
822 821 920 908 μέρη,
948 818 987 888 τὸ
1010 818 1093 889 αὐτὸ

75 927 176 1014 μέρος
207 928 277 994 ἐστὶ
309 927 365 994 καὶ
398 924 416 995 5
443 932 476 994 Γ
500 931 561 994 τοῦ
590 934 617 993 Ζ
644 923 665 1013 5
693 924 734 995 τὰ
762 923 847 994 αὐτὰ
879 927 978 1015 μέρη·
1010 926 1095 995 (ὅστε
1162 937 1164 944 ’

74 1039 134 1100 καί
156 1029 187 1117 [ὅ
212 1033 311 1120 μέρος
341 1031 431 1099 ἐστὶν
460 1029 478 1099 5
501 1037 578 1099 ΑΗ
597 1036 660 1100 τοῦ
681 1038 750 1100 ΔΘ
776 1027 797 1118 5
825 1031 925 1119 μέρη,
948 1028 988 1099 τὸ
1011 1030 1094 1101 αὐτὸ

76 1141 177 1224 μέρος
204 1136 274 1206 ἐστὶ
302 1138 357 1204 καὶ
386 1135 404 1204 5
432 1143 500 1204 ΗΒ
523 1141 584 1205 τοῦ
607 1144 673 1205 ΘΒ
693 1133 715 1223 5
738 1136 779 1205 τὰ
804 1134 889 1205 αὐτοὶ
913 1138 1011 1227 μέρη·
1040 1138 1092 1206 καλ

24 1239 95 1311 1οὸ
119 1243 186 1330 ὅρα
209 1244 309 1332 μέρος
332 1243 422 1311 ἐστὶν
451 1241 469 1311 5
492 1250 568 1311 AH
586 1247 648 1311 τοῦ
672 1250 739 1311 ΔΘ
765 1238 787 1330 5
816 1242 916 1331 μέρη,
943 1243 983 1312 τὸ
1013 1239 1089 1312 αὐτὸ

75 1349 175 1438 μέρος
197 1350 266 1417 ἐστὶ
289 1351 345 1417 καὶ
369 1347 387 1417 5
413 1358 478 1418 AB
501 1353 564 1418 τοῦ
588 1357 659 1417 ΛΕ
678 1345 700 1436 5
722 1348 763 1419 τὰ
787 1347 872 1418 αὐτὰ
896 1348 994 1438 μέρη·
1020 1347 1091 1419 ἀλλ’

75 1451 94 1522 ὅ
117 1454 218 1541 μέρος
240 1456 332 1524 ἐστὶν
355 1453 373 1524 5
398 1463 475 1524 AH
491 1461 553 1525 τοῦ
577 1463 645 1524 ΔΘ
666 1451 687 1542 5
711 1454 806 1544 μέρη,
828 1455 867 1524 τὸ
886 1453 969 1524 αὐτὸ
992 1454 1096 1545 μέρος

75 1563 211 1649 ἐδείχθη
234 1563 290 1630 καλ
315 1559 333 1630 5
355 1568 388 1629 Γ
405 1566 466 1630 τοῦ
491 1570 518 1630 Ζ
539 1558 561 1648 5
579 1560 620 1631 τὰ
633 1560 724 1650 ,αὐτὰ
748 1561 843 1650 μέρη,
865 1561 936 1645 καὶ]
956 1557 979 1628 ἃ
1000 1561 1097 1652 [ἄρα]

75 1667 158 1755 μέρη
187 1669 278 1736 ἐστὶν
300 1665 324 1736 '5
354 1676 419 1737 AB
447 1672 509 1736 τοῦ
538 1675 608 1734 ΔΕ
632 1663 654 1754 5
682 1666 797 1754 μέρος,
828 1664 869 1735 τὰ
897 1664 984 1736 αὐτὰ
1011 1668 1099 1758 μέρη

24 1795 56 1844 15
75 1773 145 1842 ἐστὶ
162 1776 218 1842 καὶ
237 1772 256 1843 5
276 1781 308 1842 Γ
321 1779 382 1843 τοῦ
402 1782 429 1842 Ζ
448 1771 468 1860 5
488 1772 525 1843 τὸ
545 1771 628 1843 αὐτὸ
648 1773 761 1863 μέρος·
786 1773 866 1862 ὅττερ
886 1777 953 1842 ἔδει
979 1777 1099 1857 δεῖξαι.

553 2010 615 2052 ια.

139 2105 227 2174 Ἐαν
259 2099 280 2194 5
311 2105 359 2186 ὡς
388 2107 479 2186 ὅλος
506 2104 602 2195 πρὸς
630 2106 742 2195 ὅλον,
775 2109 900 2189 οὕτως
928 2108 1102 2199 ἀφαιρε-

75 2212 164 2291 θεὶς
187 2208 285 2298 πρὸς
307 2208 600 2301 ἀφαιρεθέντα,
623 2213 687 2281 καὶ
712 2212 729 2282 5
749 2212 889 2294 λοιπὸς
906 2212 1006 2303 πρὸς
1025 2216 1101 2285 τὸν

75 2315 219 2384 λοιπὸν
242 2322 370 2404 ἔσται,
394 2315 444 2398 ὡς
467 2316 559 2398 ὅλος
581 2318 680 2408 πρὸς
703 2320 806 2388 ὅλον.

23 2448 57 2497 20
134 2422 242 2490 Ἔστω
272 2420 316 2502 ὡς
344 2421 422 2505 ὅλος
449 2422 467 2492 5
491 2413 556 2492 AB
584 2423 667 2512 πρὸς
690 2423 772 2493 ὅλον
795 2424 856 2493 τὸν
878 2431 957 2512 ΓΔ,
987 2428 1100 2509 οὕτως

76 2526 276 2619 ἀφαιρεθεὶς
299 2526 317 2596 5
341 2539 373 2596 A
379 2537 409 2596 E
430 2529 516 2617 πρὸς
538 2529 769 2617 ἀφαιρεθέντα
791 2530 852 2599 τὸν
873 2536 949 2598 ΓΖ·
996 2534 1100 2620 λέγω,

77 2632 129 2702 ὅτι
156 2635 212 2702 καὶ
234 2634 352 2714 λοιπὸς
374 2633 392 2703 5
416 2642 479 2703 ΕΒ
502 2634 585 2725 πρὸς
607 2635 726 2705 λοιπὸν
748 2635 809 2704 τὸν
834 2643 899 2703 ΖΔ
923 2638 1027 2723 ἐστιν,
1054 2636 1101 2718 ὡς

77 2738 155 2820 ὅλος
178 2739 196 2808 5
221 2749 287 2808 AB
310 2738 394 2828 πρὸς
418 2737 500 2808 ὅλον
523 2738 583 2808 τὸν
607 2747 678 2808 ΓΛ.

141 2846 235 2914 Ἐπεί
255 2848 344 2913 ἐστιν
369 2842 414 2926 (ὃς
437 2843 455 2913 5
479 2853 545 2913 AB
568 2844 652 2934 πρὸς
673 2843 734 2913 τὸν
756 2850 829 2930 ΓΔ,
853 2841 960 2925 οὕτως
984 2843 1002 2914 5
1029 2857 1102 2917 ΑΕ

150 3045 173 3093 1.
194 3036 247 3110 55]
268 3039 300 3094 δέ
318 3059 346 3109 p.
436 3043 504 3107 AH,
528 3040 601 3110 ΗΒ]
626 3038 655 3092 in
677 3056 730 3093 rae.
754 3058 784 3106 φ.
875 3043 899 3092 2.
925 3040 995 3108 ΔΘ,
1021 3042 1098 3113 ΘΕ]

77 3110 188 3164 eras.F.
243 3117 265 3164 3.
283 3111 349 3182 καί]
365 3111 501 3179 (alt.)Pp‚
516 3109 586 3164 Bm.
596 3127 664 3174 τοις
680 3109 805 3165 om.FV.
860 3115 885 3162 4.
901 3109 976 3180 ΔΘ]
993 3111 1053 3164 ΘΔ
1067 3111 1097 3166 Ρ.

115 3189 139 3236 5.
161 3181 203 3251 Γ]
222 3182 287 3250 post
304 3181 467 3235 ras.11itt.
486 3181 517 3235 F.
571 3177 607 3234 τὰ
626 3177 717 3251 αὐτοὶ]
739 3197 792 3234 om.
812 3197 839 3248 p.
894 3177 1098 3237 διὰτοὶ-’λε

78 3250 166 3323 μέρη]
192 3268 246 3305 om.
265 3251 303 3318 V;
328 3246 398 3306 ὅστε
423 3251 471 3305 καὶ
495 3247 510 3305 5
531 3255 587 3304 ΗΒ
605 3252 654 3306 τοῦ
676 3253 731 3306 ΘΕ
749 3247 779 3304 τὰ
804 3244 874 3303 αὐτό
894 3245 953 3304 ἐστι
972 3248 1095 3322 μέροςῆ

78 3323 149 3394 μέρη
183 3317 254 3391 ὅπερ
274 3317 290 3377 5
311 3324 369 3384 λὀος
392 3323 429 3396 τῷ
454 3325 524 3391 ΗΒ,
548 3322 691 3377 τουτέστιν
717 3317 731 3376 5
752 3325 819 3388 AH,
843 3322 881 3391 τῷ
902 3323 951 3375 ἴσω
970 3322 1008 3395 τῷ
1029 3326 1095 3389 ΔΘ,

77 3365 221 3449 τουτέστιν
245 3393 284 3466 τῷ
309 3395 364 3448 ΘΕ
387 3411 419 3463 p3
443 3392 518 3446 idem
541 3394 568 3447 V
586 3411 642 3463 mg.
662 3411 699 3450 m.
720 3399 733 3446 1
753 3391 796 3447 bis
815 3390 911 3463 (μέρος
930 3375 1020 3461 έοτίν,
1045 3395 1096 3448 τοῦ

72 3469 134 3518 ΗΒ
155 3462 300 3536 τοντέστι).
394 3472 419 3520 6.
445 3464 520 3536 ΗΒ]
544 3467 601 3518 ΒΗ
621 3465 651 3518 F.
741 3460 773 3518 τὸ
792 3460 863 3518 αὐτὸ
884 3462 981 3536 μέρος]
1000 3463 1044 3519 bis
1062 3465 1094 3533 P,
