2310 3824
395 149 669 201 nnnnnnnonun
686 152 798 202 nmnn.
814 152 860 204 vl.
1078 149 1139 215 181

124 296 147 366 A
167 293 275 354 ΒΗΓ
289 320 332 343 =
351 293 459 356 ΓΗΚ
477 321 518 344 --
538 296 647 356 ΚΗΛ
673 289 747 378 llll,
767 293 834 373 27].
879 293 989 377 itaque
1017 294 1143 377 quoties

124 397 298 481 multiplex
317 401 368 462 est
385 401 414 461 Β
420 402 451 462 Λ
469 420 564 463 urens
583 400 653 482 ΒΓ,
671 398 769 462 toties
788 399 957 484 multiplex
977 403 1027 464 est
1045 401 1142 464 etium

124 507 269 578 [ΒΗΛ
292 505 405 589 anguli
424 506 533 568 ΒΗΓ.
580 504 691 570 eadem
710 503 749 569 de
768 525 864 569 causa
883 506 1010 588 quoties
1034 505 1142 569 multi·

122 609 202 694 plelx
234 613 285 674 est
312 613 385 674 NE
409 632 502 675 arcus
530 613 608 694 EZ,
638 609 736 674 toties
764 609 935 693 multiplex
963 614 1014 675 est
1042 611 1142 677 etiam

120 721 146 791 L
166 719 271 779 ΝΘΕ
292 717 405 801 anguli
427 719 531 780 ΕΘΖ.
577 716 643 779 iam
667 716 695 779 si
719 718 784 780 ΒΛ
800 746 842 769 --
857 719 939 798 ΕΝ,
963 717 1025 780 erit
1044 717 1141 782 etiam

122 829 147 898 L
175 824 282 886 ΒΗΛ
306 852 348 875 =
371 824 488 906 ΕΘΝ,
525 826 558 887 et
595 821 624 885 si
660 825 727 885 ΒΛ
757 831 793 895 >
825 825 909 907 ΕΝ,
946 821 1008 886 erit
1044 822 1142 887 etiam

122 930 280 1004 [ΒΗΛ
296 938 331 1003 >
350 931 474 1012 ΕΘΝ,
502 931 534 993 et
562 928 590 992 si
618 932 687 992 ΒΛ
706 937 741 1001 <
758 928 849 1012 ΕΝ,
877 928 938 992 erit

478 1041 498 1109 L
513 1038 541 1097 Β
547 1038 586 1098 Η
587 1038 618 1098 Λ
632 1044 667 1108 <
681 1038 792 1099 ΕΘΝ.

123 1159 204 1224 ergo
234 1139 318 1205 datis
347 1142 501 1224 quattuor
528 1141 819 1225 magnitudinibus,
847 1141 972 1205 duobus
1003 1140 1141 1205 arcubus

119 1239 200 1330 ’ΒΓ,
218 1249 282 1310 ΕΖ
304 1249 336 1310 et
359 1246 487 1310 duobus
508 1247 636 1332 angulis
660 1250 769 1333 ΒΗΓ,
786 1251 898 1330 ΕΘΖ,
922 1245 1044 1328 sumpti
1067 1249 1143 1309 sunt

127 1371 220 1415 arcus
250 1353 319 1414 ΕΓ
345 1354 378 1415 et
410 1353 520 1435 anguli
552 1355 657 1417 ΒΗΓ
686 1375 787 1436 aeque
819 1353 1014 1436 multiplices
1048 1372 1141 1417 amus

123 1459 191 1520 BA
223 1460 256 1521 et
288 1457 425 1542 angulus
458 1461 575 1542 BHA,
608 1480 699 1522 arcus
732 1463 840 1523 autem
868 1463 931 1523 ΕΖ
963 1462 996 1523 et
1028 1456 1142 1542 anguli

122 1565 223 1627 ΕΘΖ
247 1585 340 1627 arcus
363 1567 437 1627 ΕΝ
456 1567 490 1627 et
512 1564 649 1647 angulus
673 1566 784 1628 ΕΘΝ.
832 1568 864 1628 et
882 1564 1141 1628 demonstratum

122 1671 189 1753 eut,
217 1669 362 1733 siamus
386 1671 451 1732 BA
475 1690 586 1733 areum
608 1672 681 1732 EN
701 1671 845 1752 superet,
873 1669 972 1732 etiam
996 1670 1140 1740 [ΒΗΛ

123 1776 283 1861 angulum
305 1778 413 1839 ΕΘΝ
432 1795 593 1858 superare,
617 1775 700 1839 etsi
725 1775 870 1857 aequalis
895 1774 947 1857 sit,
971 1773 1140 1856 aequalem

121 1903 210 1965 esse,
238 1884 271 1945 et
298 1881 327 1944 si
354 1880 476 1965 minor,
503 1881 669 1945 minorem.
720 1881 829 1964 itaque
858 1878 903 1963 [V
930 1878 991 1944 def.
1015 1876 1048 1959 5]
1079 1877 1141 1941 erit

120 2009 187 2053 aru.
212 1989 373 2051 BFvaru.
387 1990 449 2050 ΕΖ
465 2017 506 2039 =
522 1994 543 2062 l,
558 1989 679 2051 BHF:
693 1990 799 2051 ΕΘΖ.
846 1985 901 2051 sed

243 2095 567 2166 LBHF:EEZ=
583 2095 853 2168 [BADEAZ
878 2089 930 2175 [V,
957 2090 1025 2173 15];

120 2220 202 2264 nam
228 2202 364 2280 uterque
383 2194 519 2281 utruque
539 2198 638 2282 duplo
657 2199 762 2263 maior
777 2201 826 2262 est
846 2196 918 2281 [ΠΙ,
932 2198 1000 2278 20].
1021 2188 1023 2192 ’
1043 2217 1141 2280 quare

122 2306 225 2370 etiam

123 2431 190 2476 aru.
210 2413 298 2474 BP:
320 2432 381 2476 are.
401 2415 464 2475 ΕΖ
485 2440 526 2463 =
546 2418 567 2486 l,
587 2412 1141 2497 BHszEEZ=BAP:EAZ.

121 2571 285 2581 ..——--

165 2658 206 2709 11.
229 2649 350 2709 ἒλάττων
370 2651 493 2709 ἐλάττων
511 2654 540 2711 F.
597 2660 638 2709 12.
658 2638 733 2779 itin}
748 2670 832 2724 supra
850 2655 880 2708 E.
935 2651 985 2723 δέ]
1006 2666 1089 2719 supra
1108 2648 1140 2703 F.

112 2730 169 2797 μθ.
190 2726 276 2779 ΕΘΖ
314 2727 394 2780 ΘΕΖ
412 2725 443 2780 F.
517 2731 558 2779 17.
578 2724 887 2793 ynula]ad.m.2F.
960 2728 1003 2776 20.
1022 2720 1140 2790 γωνίας]

123 2797 162 2860 P;
182 2811 235 2851 om.
255 2797 278 2849 Τ
301 2812 354 2850 eon
373 2795 507 2865 (BEVp).
545 2790 666 2850 ἐλάττων
680 2796 709 2851 F.
784 2801 826 2850 21.
847 2790 983 2864 ἐλάσσων]
1002 2808 1091 2860 comp.
1108 2791 1138 2844 E.

123 2861 162 2938 ἡ]
183 2883 237 2922 om.
256 2864 290 2922 V.
363 2872 411 2921 22:
425 2866 527 2936 ΒΗΓ]
548 2870 575 2920 Γ
595 2866 657 2921 add.
676 2885 712 2920 m.
733 2873 748 2920 2
767 2867 801 2922 V.
874 2871 917 2920 24.
936 2864 1091 2919 διπλασίων
1105 2860 1140 2948 y.

160 2933 376 3062 25.γοὲρ1ἒσΡτιν
400 2938 455 3007 Bp.
538 2943 580 2991 27.
600 2932 656 2990 ὑπὸ
677 2937 777 3008 ΕΘΖ]
798 2939 881 2991 ΕΘΖ
900 2936 930 2990 Ρ.
1016 2929 1140 3004 ὑπόμ-

124 3024 210 3078 supru
228 3026 266 3065 m.
345 3048 351 3060 .
