2348 3818
91 160 158 228 244
395 112 398 117 ·
469 159 671 214 ΣΤΟΙΧΒΙΩΝ
688 153 724 226 ζ’.

91 312 138 389 A,
156 309 199 389 Β,
229 301 285 370 καὶ
318 297 336 370 ὁ
369 310 403 370 A
433 299 556 373 ἑαυτὸν
587 298 651 388 μὲν
672 297 965 379 πολλαπλασιάσας
992 297 1109 368 τὸνΓ

91 415 240 491 ποιείτω,
271 405 332 476 τὸν
364 407 403 477 δὲ
432 413 464 476 Γ
491 405 785 486 πολλαπλασιάσας
811 403 872 474 τὸν
900 413 935 473 A
961 411 1105 493 ποιείτω,

92 511 110 583 ὁ
139 513 177 582 δὲ
204 522 233 582 Β
261 511 383 582 ἑαυτὸν
411 512 473 601 μὲν
499 511 794 592 πολλαπλασιάσας
819 508 880 579 τόν
909 518 941 579 Ε
961 517 1106 598 ποιείτω,

89 619 152 688 τὸν
175 620 213 688 δὲ
236 628 268 689 Ε
287 619 581 699 πολλαπλασιάσας
602 617 664 688 τὸν
694 626 722 686 Ζ
749 623 897 687 ποιείτω·
924 618 1028 704 λέγω,
1058 616 1107 686 ὅτι

57 729 128 804 τοί
147 753 183 794 τε
205 732 242 814 Γ,
260 735 293 795 Β
312 727 369 795 καὶ
392 729 427 794 οί
449 735 497 812 A,
517 733 545 793 Ζ
566 728 693 814 πρῶτοι
715 722 799 813 πρὸς
822 722 989 810 ἀλλήλους
1012 728 1107 791 εἰσίν.

154 830 244 901 Ἐπεὶ
270 830 336 921 γὰρ
367 835 403 901 οἱ
429 841 475 917 A,
495 840 524 899 Β
550 835 677 920 πρῶτοι
704 827 788 919 πρὸς
814 824 981 918 ἀλλήλους
1009 834 1106 916 είσίν,

90 938 147 1007 καὶ
179 935 197 1006 ὁ
230 946 262 1005 A
293 935 416 1006 ἑαυτὸν
447 935 742 1016 πολλαπλασιάσας
767 932 828 1004 τὸν
855 942 888 1004 Γ
915 941 1107 1021 πεποίηκεν,

92 1046 128 1112 οί
148 1049 233 1131 Γ,Β
261 1042 328 1132 ἀρα
354 1046 480 1131 πρῶτοι
508 1040 591 1130 πρὸς
614 1039 781 1129 ἀλλήλους
806 1047 902 1110 είσίν.
949 1042 1020 1110 ἐπεὶ
1044 1034 1107 1110 οὖν

93 1153 128 1217 οί
149 1154 186 1235 Γ,
205 1156 235 1216 Β
257 1152 382 1235 πρῶτοι
405 1144 489 1236 πρὸς
511 1145 677 1233 ἀλλήλους
700 1153 797 1235 είσίν,
820 1149 876 1216 παὶ
900 1145 918 1217 ὁ
938 1155 966 1216 Β
986 1146 1106 1216 ἑαυτὸν

40 1284 75 1334 10
92 1251 385 1332 πολλαπλασιάσας
406 1250 467 1321 τὸν
490 1260 522 1321 Β
542 1259 737 1340 πεποίηκεν,
762 1257 797 1321 οί
817 1259 856 1339 Γ,
877 1261 908 1320 Β
929 1253 995 1342 ἀρα
1018 1257 1105 1342 πρά-

92 1387 144 1429 τοι
170 1357 253 1447 πρὸς
279 1357 444 1444 ἀλλήλους
471 1363 566 1427 είσίν.
611 1359 724 1446 πάλιν,
749 1360 818 1428 ἐπεὶ
842 1362 877 1428 οί
902 1368 944 1446 A,
966 1368 995 1427 Β
1018 1363 1107 1448 πρῶ-

91 1492 144 1534 τοι
166 1462 249 1552 πρὸς
276 1463 442 1551 ἀλλήλους
469 1470 573 1551 είσίν,
600 1465 656 1533 καὶ
680 1461 698 1534 ὁ
722 1474 751 1533 Β
775 1463 896 1534 ἑαυτὸν
918 1472 1106 1535 πολλαπλα-

92 1570 210 1651 σιάσας
237 1570 298 1640 τὸν
326 1578 358 1639 Ε
382 1577 579 1658 πεποίηκεν,
609 1574 643 1639 οί
655 1564 712 1658 Ἀ,
732 1578 764 1638 Β
785 1569 851 1660 ἀρα
873 1575 1001 1660 πρῶτοι
1023 1571 1108 1660 πρὸς

92 1674 258 1766 ἀλλήλους
286 1682 381 1747 είσίν.
432 1678 501 1748 ἐπεὶ
526 1669 590 1746 οὖν
619 1677 682 1745 δύο
701 1675 844 1765 ἀριθμοὶ
862 1680 898 1745 οί
914 1687 955 1764 A,
973 1683 1006 1745 Γ
1024 1676 1108 1765 πρὸς

41 1812 74 1862 15
94 1785 156 1852 δύο
186 1782 355 1873 ἀριθμοὺς
385 1784 465 1865 τοὺς
491 1793 538 1870 Β,
557 1791 589 1851 Ε
619 1782 803 1872 ἀμφότεροι
833 1782 917 1872 πρὸς
947 1781 1107 1871 ἑκάτερον

92 1893 223 1977 πράτοί
242 1897 345 1978 εἰσιν,
368 1891 424 1958 καὶ
448 1888 466 1958 ὅ
491 1891 614 1958 ἐκτῶν
632 1888 676 1976 A,
696 1895 728 1957 Γ
742 1887 807 1974 ἀρα
825 1888 1005 1976 γενόμενος
1023 1887 1109 1977 πρὸς

92 1994 153 2064 τὸν
176 1997 212 2063 ἐκ
234 2001 301 2063 τῶν
324 2004 369 2082 Β,
394 2003 426 2063 Ε
445 1995 576 2084 πρῶτός
600 1998 700 2064 ἐστιν.
744 2001 804 2062 καί
824 1997 915 2063 ἐστιν
939 1992 957 2062 ὁ
985 1995 1047 2080 μὲν
1063 1997 1108 2062 ἀπ

92 2106 160 2168 τῶν
187 2099 328 2186 Α,Γὸ
357 2109 405 2179 Δ,
434 2099 452 2169 ὁ
481 2101 519 2168 δὲ
546 2103 582 2169 ἐκ
609 2106 678 2169 τάν
707 2099 903 2188 Β,ΕὸΖ.
949 2103 1107 2188 οίΔ,Ζ

93 2205 158 2294 ἀρα
181 2210 305 2293 πρῶτοι
329 2206 412 2295 πρὸς
434 2204 602 2294 ἀλλήλους
624 2212 723 2276 είσίν·
748 2208 830 2296 ὅπερ
854 2211 922 2276 ἔδει
946 2211 1061 2290 δεῖξαι.

39 2396 74 2446 20
564 2392 629 2451 κη·

156 2485 243 2555 Ἐἀν
281 2490 354 2557 δύο
391 2484 558 2575 ἀριθμοὶ
595 2492 744 2577 πρῶτοι
780 2489 878 2578 πρὸς
908 2487 1104 2579 ἀλλήλους

93 2586 206 2674 ὦσιν,
229 2594 294 2662 καὶ
318 2595 620 2684 συναμφότερος
641 2593 739 2684 πρὸς
762 2597 950 2685 ἑκάτερον
974 2594 1104 2665 αὐτῶν

92 2706 244 2790 πρῶτος
266 2707 389 2769 ἔσται·
421 2702 486 2768 καὶ
510 2700 579 2771 ἐὰν
598 2704 902 2791 συναμφότερος
920 2701 1018 2791 πρός
1036 2705 1104 2771 ἕνα

92 2806 181 2874 τινὰ
205 2805 335 2884 αὐτῶν
359 2811 510 2892 πρῶτος
532 2799 569 2897 ή,
593 2808 659 2876 καὶ
684 2811 723 2875 οί
740 2808 778 2889 ἐξ
797 2805 918 2896 ἀρχῆς
936 2805 1104 2896 ἀριθμοὶ
1164 2795 1168 2813 “

39 2931 74 2982 25
92 2917 238 3000 πρῶτοι
261 2911 358 2999 πρὸς
381 2911 577 3000 ἀλλήλους
600 2918 768 2981 ἔσονται.

158 3023 425 3104 Συγκείσθωσαν
444 3016 508 3107 γὰρ
528 3020 591 3088 δύο
611 3017 751 3107 ἀριθμοὶ
767 3022 892 3106 πρῶτοι
906 3017 990 3107 πρὸς
1004 3018 1104 3107 άλλή·

92 3130 172 3202 λους
195 3126 230 3191 οί
249 3132 326 3210 ΑΒ,
349 3129 423 3191 ΒΓ·
455 3124 551 3210 λέγω,
576 3122 627 3191 ὅτι
649 3124 705 3192 καὶ
728 3125 980 3212 συναμφότερος
1003 3122 1107 3193 ὁΑΓ

93 3226 175 3317 πρὸς
199 3229 355 3317 ἑκάτερον
377 3233 445 3297 τῶν
468 3237 546 3317 AB,
569 3236 633 3298 ΒΓ
654 3230 784 3318 πρῶτός
805 3232 905 3298 ἐστιν.

165 3416 187 3463 1.
209 3406 278 3493 μέν]
297 3424 352 3462 om
371 3406 433 3474 Vq).
506 3414 531 3461 2.
550 3408 684 3478 ποιείτω]
708 3413 789 3462 ποιεί
806 3425 833 3477 p
870 3408 984 3462 ποιείτω
1008 3404 1058 3462 τὸν
1076 3411 1101 3461 A

93 3478 141 3548 Ῡφ
167 3474 299 3552 (ποιήτω,
324 3477 374 3535 sed
399 3493 468 3533 corr.
476 3480 548 3549 ,.φ)
638 3485 664 3534 3.
683 3476 734 3549 μέν
740 3478 804 3548 11n
822 3494 874 3532 ras.
893 3478 924 3533 P.
1014 3484 1037 3536 ὅ.
1058 3477 1101 3548 τε]
