2348 3818
100 182 166 249 334
474 179 676 233 Στοτιωιοα
695 174 734 245 η’.

574 366 640 425 κγ.

165 462 253 534 Ἐὰν
276 467 464 553 τέσσαρες
482 464 650 552 ἀριθμοὶ
669 464 757 551 ἑξῆς
775 457 982 546 αἰνύλομον
1001 451 1114 546 ὦσιν,

102 570 120 639 6
158 571 200 639 δὲ
231 576 383 658 πρῶτος
414 571 535 657 κύβος
566 562 603 659 ᾖ,
635 571 700 637 καὶ
733 569 751 637 6
784 570 970 653 τέταρτος
995 566 1116 652 κύβος

102 683 220 746 ἔσται

66 804 83 851 6
158 781 334 851 Ἔστωσαν
363 784 520 870 τέσσαρες
547 780 689 870 ἀριθμοὶ
718 781 793 868 ἑξῆς
815 777 987 864 ἀνάλογον
1011 781 1051 848 oc
1075 787 1116 865 A,

102 898 147 976 Β,
164 897 208 975 Γ,
227 899 275 974 Δ,
308 887 327 957 6
358 888 396 956 δὲ
422 897 455 955 Α
481 886 585 974 κύβος
613 893 709 956 ἔστω·
742 888 842 972 λέγω,
870 884 924 953 ὅτι
946 885 1004 952 καὶ
1036 913 1055 953 ο
1086 893 1116 951 A

102 996 205 1082 κύβος
228 999 328 1063 ἐστίν.

167 1100 255 1170 Ἐπεὶ
285 1129 350 1189 γαρ
380 1104 448 1168 τῶν
475 1107 523 1184 A,
543 1107 576 1165 A
609 1099 672 1167 δύο
700 1101 793 1186 μέσοι
822 1096 996 1184 ἀνάλογόν
1025 1102 1112 1165 εἰσιν

103 1207 244 1296 ἀριθμοὶ
277 1211 312 1275 ολ
340 1215 384 1292 Β,
404 1213 446 1292 Γ,
475 1209 510 1273 οἱ
535 1215 582 1292 A,
602 1215 635 1273 A
663 1205 728 1295 ἄρα
756 1204 872 1291 ὅμοιοί
895 1209 959 1272 εἰσι
983 1205 1115 1291 στερεοὶ

52 1334 85 1383 10
103 1312 252 1402 ἀριθμοί.
297 1314 401 1399 κύβος
429 1313 466 1381 δὲ
496 1310 514 1381 6
543 1321 587 1380 A·
618 1313 722 1400 κύβος
745 1311 810 1399 ἄρα
832 1311 888 1378 καὶ
911 1308 930 1399 6
955 1320 1002 1378 A·
1033 1309 1115 1400 ὅπερ

104 1424 172 1486 ἔδει
196 1420 309 1501 δεῖξαι.

582 1524 645 1593 κδ’.

170 1629 256 1699 Ἐὰν
277 1631 349 1699 δύο
369 1630 536 1720 ἀριθμοὶ
554 1631 652 1720 πρὸς
671 1627 868 1717 ἀλλήλους
886 1629 1008 1715 λόγον
1029 1636 1121 1718 έχω-

106 1759 184 1823 σιν,
209 1735 254 1805 ὃν
277 1737 525 1823 τετράγωνος
549 1737 720 1824 ἀριθμὸς
743 1736 841 1825 πρὸς
862 1735 1120 1822 τετράγωνον

54 1863 86 1912 15
106 1843 297 1932 ἀριθμόν,
331 1841 348 1911 6
383 1843 424 1911 δὲ
456 1847 606 1930 πρῶτος
637 1844 887 1932 τετράγωνος
923 1834 959 1931 ᾖ,
999 1843 1067 1909 καὶ
1101 1839 1118 1910 6

107 1950 293 2036 δεύτερος
315 1948 565 2035 τετράγωνος
589 1955 708 2017 ἔσται,

175 2054 248 2123 Δύο
276 2054 341 2140 γὰρ
371 2055 510 2141 ἀριθμοὶ
540 2058 575 2123 οἱ
597 2065 642 2140 Α,
663 2063 691 2123 Β
715 2054 797 2145 πρὸς
819 2055 989 2143 ἀλλήλους
1011 2054 1118 2142 λόγον

107 2162 280 2247 ἐχέτωσαν,
306 2157 346 2229 ὃν
369 2160 576 2249 τετράγωνος
595 2160 741 2249 ἀριθμὸς
764 2163 782 2230 6
802 2169 834 2230 Γ
854 2161 938 2251 πρὸς
954 2162 1119 2250 τετράγω-

107 2293 169 2334 νον
193 2263 341 2352 ἀριθμὸν
364 2265 425 2335 τὸν
448 2276 492 2353 A,
516 2264 533 2335 6
560 2269 597 2335 δὲ
621 2277 653 2335 A
674 2268 881 2355 τετράγωνος
899 2273 997 2335 ἔστω·
1020 2270 1118 2354 λέγω,

53 2394 89 2445 20
108 2370 158 2440 ὅτι
181 2373 236 2438 καὶ
261 2369 278 2440 6
303 2380 332 2440 Β
355 2373 563 2461 τετράγωνός
587 2376 687 2442 ἐστιν.

171 2477 259 2546 Ἐπεὶ
282 2479 347 2568 γὰρ
371 2483 406 2548 οἱ
427 2487 464 2565 Γ,
485 2487 518 2545 A
541 2479 745 2568 τετράγωνοί
765 2484 862 2564 εἰσιν,
888 2481 923 2545 oc
943 2482 982 2562 Γ,
1001 2485 1035 2543 A
1054 2477 1120 2563 ἄρα

108 2583 218 2671 ὅμοιοι
237 2588 389 2654 ἐπίπεδοί
409 2590 504 2653 εἰσιν.
545 2589 613 2653 τῶν
637 2592 676 2671 Γ,
697 2595 729 2652 A
752 2584 817 2673 ἄρα
841 2578 889 2665 εἷς
912 2584 1013 2670 μέσος
1035 2579 1119 2650 ἀνύ-

107 2697 211 2778 λογον
235 2694 384 2779 έμττίκτει
406 2691 560 2779 ἀριθμός.
598 2698 656 2759 καί
676 2695 766 2760 ἐστιν
791 2689 835 2771 ὡς
859 2691 877 2760 6
901 2697 934 2759 Γ
953 2690 1037 2780 πρὸς
1061 2689 1122 2758 τὸν

108 2805 156 2883 A,
185 2795 203 2865 6
232 2806 264 2864 A
291 2796 374 2883 πρὸς
401 2796 461 2866 τὸν
489 2805 531 2865 Β·
559 2799 614 2864 καὶ
642 2803 709 2866 τῶν
733 2806 827 2882 Α,Β
850 2797 917 2884 ἄρα
945 2792 992 2877 εἷς
1021 2800 1123 2884 μέσος

55 2928 89 2977 25
108 2901 277 2987 ἀνάλογον
310 2905 459 2988 ἐμπίπτει
492 2902 645 2990 ἀριθμός.
691 2910 749 2971 καί
780 2905 870 2971 ἐστιν
901 2901 919 2971 6
947 2912 980 2970 A
1005 2903 1122 2989 τετρά-

108 3029 227 3093 γωνος·
242 3008 297 3073 καὶ
317 3005 334 3077 6
354 3016 383 3076 B
398 3011 462 3097 ἄρα
476 3009 684 3095 τετράγωνός
698 3011 800 3077 ἐστιν·
821 3007 906 3096 ὅπερ
922 3013 988 3076 ἔδει
1006 3012 1121 3090 δεῖξαι.

181 3192 203 3239 7.
235 3183 312 3239 ἔσται
339 3184 429 3271 Βνιμ.
516 3191 540 3240 9.
554 3190 599 3253 ’Β,
625 3186 664 3256 Γ]
691 3190 726 3252 Γ,
751 3190 772 3237 Β
795 3204 824 3271 μ.
863 3183 933 3238 εἰσιν
957 3184 988 3240 Ρ.
1081 3194 1122 3239 14.

108 3253 281 3327 τετράγωνος
306 3250 431 3325 ἅριθμος
457 3253 544 3328 πούς]
567 3274 623 3326 mg.
648 3277 677 3344 φ.
720 3273 894 3323 τετραγωνος
917 3275 952 3323 φ,
977 3256 1026 3310 sed
1051 3273 1122 3312 corr.

111 3333 151 3382 15.
173 3323 297 3396 ἀριθμός
315 3348 346 3396 φ,
365 3329 413 3382 sed
433 3345 499 3382 corr.
538 3321 555 3397 ᾗ
575 3347 750 3397 τετραγωνος
765 3328 854 3395 ΒἾφ.
912 3332 954 3382 16.
974 3323 1110 3396 δεύτερος

109 3395 254 3460 λοιπόςΡ.
345 3405 387 3452 22.
408 3397 542 3466 εἰσιλφ.
634 3405 676 3454 23.
696 3396 762 3466 καί]
786 3397 835 3451 καὶ
855 3394 920 3452 ἐκεί
935 3398 966 3452 P.
1058 3395 1110 3451 τόν

107 3486 160 3527 om,
180 3468 212 3525 Β,
287 3466 534 3544 24.w'v]01n.B
616 3475 659 3524 25.
680 3464 852 3540 616c6P.
