2348 3818
113 150 179 216 290
491 151 692 204 ΣΤΟΙΧΕΙΩΝ
710 145 750 218 η’.

113 301 160 360 Η·
189 290 251 360 οὐκ
279 291 346 377 ἄρα
372 291 479 378 μονάς
507 293 599 360 ἐστιν
631 287 650 358 6
679 297 719 357 Z·
746 287 768 376 ἡ
797 289 862 376 γὰρ
886 287 995 377 μονὰς
1016 287 1121 357 πάντα

113 396 263 485 ἀριθμὸν
282 411 401 485 μετρεῖ.
442 402 501 464 καί
517 402 603 464 είσιν
623 399 659 464 οί
675 404 713 481 Ζ,
732 403 761 463 Θ
778 399 904 485 πρῶτοι
922 392 1007 481 πρὸς
1026 392 1122 480 ἀλλή-

113 512 194 584 λους
218 502 312 588 [οὐδὲ
336 501 354 571 6
379 511 406 570 Ζ
429 501 495 590 ἄρα
517 500 579 570 τὸν
603 510 632 570 Θ
654 508 789 590 μετρεῖ].
833 506 890 569 καί
914 502 1006 569 ἐστιν
1035 496 1081 578 ὡς
1106 497 1122 567 6

115 617 142 677 Ζ
170 609 254 697 πρὸς
280 607 341 677 τὸν
369 616 413 693 Θ,
441 606 548 688 οὕτως
575 605 593 676 6
621 617 655 675 A
677 607 760 693 πρὸς
786 605 848 675 τὸν
871 614 911 676 Γ·
941 603 1024 674 οὐδὲ
1053 603 1072 674 6
1095 613 1124 672 A

79 713 180 802 οίίρα
211 714 272 783 τὸν
300 721 332 783 Γ
360 728 478 802 μετρεῖ.
529 712 652 800 ὁμοίως
684 713 726 800 δή
760 715 926 799 δείξομεν,
960 713 1012 780 ὅτι
1047 709 1125 780 οὐδὲ

114 820 215 902 ἄλλος
239 818 351 903 οὐδεὶς
374 819 498 890 οὐδένα
521 823 686 908 μετρήσει·
712 818 792 907 ὅπερ
816 823 884 888 ἔδει
907 821 1022 900 δεῖξαι.

176 1137 265 1208 Ἐδιν
298 1131 395 1208 ὦσιν
429 1137 649 1207 ὁποσοιοῦν
681 1136 851 1226 ἀριθμοὶ
884 1133 1052 1222 [εξής]’
1031 1135 1125 1205 αναί-

113 1253 251 1330 λογον,
284 1243 302 1312 6
336 1244 374 1312 δὲ
405 1248 558 1331 πρῶτος
588 1242 658 1312 τὸν
690 1248 856 1331 ἔσχατον
889 1245 1028 1350 μετρῇ,
1061 1241 1125 1310 καὶ

63 1363 96 1412 10
113 1349 183 1418 τὸν
207 1349 396 1437 δεύτερον
419 1348 614 1436 μετρήσει

172 1453 346 1523 Ἔστωσαν
379 1453 562 1524 ὁποσοιοῦν
594 1452 735 1543 ἀριθμοί
773 1455 847 1541 ἑξῆς
883 1451 1058 1540 ἀνάλογον
1094 1456 1127 1522 οί

114 1570 161 1648 A,
180 1570 223 1648 Β,
242 1569 285 1647 Γ,
305 1570 353 1648 Δ,
378 1560 396 1630 6
421 1562 458 1631 δὲ
481 1572 513 1631 Α
534 1561 596 1631 τὸν
620 1569 653 1628 Λ
676 1567 846 1649 μετρείτω·
870 1563 972 1646 λέγω,
997 1561 1049 1628 ὅτι
1072 1561 1124 1628 καὶ

115 1665 134 1734 6
157 1676 190 1735 A
212 1666 273 1736 τὸν
296 1676 325 1736 Β
349 1683 468 1756 μετρεῖ.

181 1779 227 1843 Ec
256 1773 321 1862 γὰρ
350 1771 391 1841 οὐ
424 1787 537 1861 μετρεῖ
563 1773 580 1841 6
609 1783 642 1842 A
668 1773 729 1842 τὸν
757 1782 802 1860 Β,
832 1773 914 1843 οὐδὲ
940 1772 1044 1854 ἄλλος
1073 1773 1126 1844 06-

64 1900 96 1949 15
116 1880 184 1960 δεῖς
208 1877 332 1948 οὐδένα
354 1879 524 1967 μετρήσει·
552 1892 665 1967 μετρεῖ
686 1879 724 1948 δὲ
747 1878 765 1948 6
790 1890 821 1948 A
843 1879 903 1949 τὸν
928 1889 970 1949 Δ.
1016 1894 1129 1969 μετρεῖ

115 1985 181 2072 ἄρα
202 1987 258 2052 καὶ
283 1983 300 2052 6
324 1992 357 2051 A
380 1984 439 2052 τὸν
463 1993 505 2052 Β·
538 1985 619 2071 ὅπερ
643 1990 711 2052 ἔδει
735 1988 849 2067 δεῖξαι.

598 2206 644 2264 ή.

184 2299 267 2369 Εδιν
290 2300 362 2369 δύο
387 2299 570 2390 ἀριθμῶν
593 2301 737 2388 μεταξὺ
764 2301 861 2371 κατὰ
889 2301 932 2371 τὸ
962 2304 1128 2392 συνεχὲς

115 2407 315 2493 οἶνοίίογον
353 2409 596 2494 ἐμπίπτωσιν
629 2405 812 2495 ἀριθμοί,
845 2406 935 2476 ὅσοι
967 2414 1025 2490 είς
1059 2409 1127 2478 αύ-

62 2535 95 2583 20
114 2512 206 2593 τοὺς
242 2514 384 2601 μεταξὺ
419 2514 515 2580 κατὰ
552 2511 594 2581 τὸ
632 2514 793 2601 συνεχὲς
826 2511 1031 2601 ἄνοίίογον
1065 2520 1127 2604 ἐμ-

113 2626 326 2687 πίπτουσιν
350 2618 530 2707 ἆριθμοί,
559 2623 744 2688 τοσοῦτοι
766 2620 831 2687 καὶ
855 2624 912 2700 εἰς
933 2620 1026 2702 τοὺς
1057 2621 1129 2691 τὸν

114 2724 234 2793 αὐτὸν
257 2726 379 2813 λόγον
403 2731 565 2813 ἔχοντας
594 2724 759 2810 [αὐτοῖς]
788 2724 932 2813 μεταξὺ
959 2728 1058 2796 κατὰ
1084 2729 1127 2797 τὸ

40 2850 46 2863 ·
115 2830 277 2917 συνεχὲς
299 2829 501 2917 ἀνάλογον
525 2834 801 2917 ἐμπεσοῦνται.

181 2934 257 3003 Δύο
293 2934 359 3023 γὰρ
396 2935 555 3024 ἀριθμῶν
587 2941 655 3005 τῶν
686 2945 778 3023 Α,Β
815 2937 937 3025 μεταξὺ
972 2937 1056 3008 κατὰ
1090 2938 1128 3009 τὸ

61 3041 250 3129 τεσυνεχὲς
281 3039 451 3129 ἀνάλογον
486 3045 735 3130 ἐμπιπτέτωσαν
768 3043 909 3132 ἀριθμοί
943 3048 978 3113 oc
1010 3053 1054 3133 Γ,
1084 3054 1127 3132 Λ,

185 3260 210 3308 2
208 3273 325 3342 μετρει
317 3248 469 3323 ἀριθμόν
488 3256 550 3323 ίῳ.
635 3257 688 3309 καί
704 3253 793 3326 εἰσιν]
818 3271 913 3324 om.‹p
1009 3263 1035 3312 3.
1056 3252 1125 3312 οὐδὲ

115 3320 130 3380 6
158 3320 221 3378 Z*
201 3345 258 3392 αρα
282 3320 332 3378 τὸν
357 3326 381 3378 Θ
404 3326 516 3397 μετρεῖ]
545 3342 598 3379 om.
622 3326 652 3381 P.
744 3333 768 3380 6.
796 3331 896 3394 μετρεῖ
892 3276 1010 3410 φΒδίφ.
1102 3334 1126 3382 8.

116 3392 196 3466 ἑξῆς]
216 3412 270 3450 om.
289 3394 318 3451 P.
409 3402 434 3450 9.
455 3394 616 3467 ἔσχατον]
608 3415 638 3450 m
660 3413 713 3451 τοι.
733 3396 766 3452 V.
858 3401 900 3452 10
924 3394 1008 3453 δειίτε
1011 3398 1126 3469 ρον]ἰο

112 3484 165 3521 νει
188 3468 218 3522 V
294 3471 336 3521 12
356 3466 423 3540 καί]
448 3483 501 3522 om.
526 3487 557 3537 φ.
630 3473 672 3522 14.
692 3461 745 3537 06]
768 3462 804 3536 μή
828 3466 918 3535 Bvqo
993 3474 1035 3523 15.
1059 3471 1128 3524 Post
