2348 3818
89 150 155 216 252
476 149 680 204 Συοωιυυιω
698 145 733 214 ς’.

89 289 150 362 τὸν
177 301 210 359 A
240 289 391 378 ἀριθμὸν
423 289 555 376 ἄπειροι
585 287 743 377 ἀριθμοί,
776 279 825 356 ὦν
854 288 964 375 ἕτερος
992 286 1108 374 ἑτέρου

90 396 242 466 ἐλάσσων
275 399 377 465 ἐστίν·
424 393 505 482 ὅπερ
538 395 630 464 ἐστὶν
663 393 834 463 ἀδύνατον
867 396 904 462 ἐν
937 390 1107 481 ἀριθμοῖς.

89 501 305 590 ληφθήσεταί
337 526 386 582 τις
417 499 483 590 ἄρα
513 505 644 587 πρῶτος
687 499 850 589 ἀριθμός,
881 495 920 578 δς
949 498 1106 588 μετρήσει

88 608 150 677 τδν
172 606 238 696 τρὸ
262 608 400 693 ἑαυτοῦ,
424 604 462 687 δς
483 607 548 674 καῖ·
561 605 622 675 τὸν
646 616 678 674 A
700 604 863 699 μετρήσει.

56 732 72 784 σ
151 715 255 794 ’Ἅπας
286 712 353 802 ἄρα
385 712 550 793 σύνθετος
576 710 723 800 ἀριθμὸς
749 709 817 781 ὑτδ
847 709 984 799 πρώτου
1007 707 1112 790 ,τινὸς

91 818 242 908 ἀριθμοῦ
266 832 444 909 μετρεῖται·
482 819 563 906 ὅπερ
586 823 655 887 ἔδει
678 819 792 899 δεῖξαι.

561 994 630 1082 λβ’.

148 1121 267 1200 ’Ἅπας
302 1117 473 1207 ἀριθμὸς
509 1117 599 1205 ήτοι
634 1117 788 1206 τρωτός
824 1121 933 1188 ἐστιν
970 1112 992 1203 ή
1030 1114 1109 1185 ὑπὸ

90 1226 248 1315 πρώτου
270 1222 381 1304 τινὸς
403 1220 579 1312 ἀριθμοῦ
603 1237 813 1312 μετρεῖται.

39 1350 72 1399 10
148 1329 257 1399 Ἔστω
285 1326 431 1418 ἀριθμὸς
453 1327 472 1398 ὁ
495 1339 540 1397 A·
576 1317 678 1416 λέγω,
706 1327 757 1397 ὅτι
781 1327 799 1397 ὁ
823 1339 856 1397 A
878 1327 954 1416 ήτοι
975 1327 1110 1416 πρῶτός

52 1509 58 1519 ,
91 1439 181 1505 ἐστιν
204 1433 225 1522 ή
249 1432 315 1503 ὑπὸ
340 1435 475 1525 πρώτου
497 1433 589 1515 τινὸς
612 1434 762 1523 ἀριθμοῦ
786 1449 960 1523 μετρεῖται.

157 1546 201 1609 Εἰ
223 1541 285 1629 μὲν
309 1533 372 1611 οὖν
395 1543 525 1628 πρῶτός
548 1544 638 1610 ἐστιν
663 1538 680 1609 ὁ
701 1551 744 1626 A,
767 1539 907 1628 γεγονὸς
928 1538 973 1610 διν
996 1550 1049 1627 εἴη
1068 1541 1108 1610 τό

91 1649 277 1733 ἐπιταχθέν.
323 1651 355 1716 εἰ
381 1647 419 1717 δὲ
442 1649 616 1734 σύνθετος,
640 1645 794 1734 μετρήσει
817 1672 867 1727 τις
889 1645 996 1717 αὐτὸν
1020 1651 1110 1736 ιερῶ-

90 1779 146 1833 τος
169 1751 323 1841 ἀριθμός.

38 1878 71 1928 15
149 1858 254 1939 ’Ἀσιας
276 1858 342 1949 ἄρα
365 1858 513 1949 ἀριθμὸς
535 1858 610 1946 ήτοι
633 1859 765 1949 πρῶτός
783 1863 873 1929 ἐστιν
891 1856 912 1946 ή
932 1857 998 1929 ὑπὸ
1017 1861 1110 1946 πριό-

90 1992 151 2033 του
173 1965 266 2045 τινὸς
288 1964 439 2054 ἀριθμοῦ
463 1981 640 2054 μετρεῖται·
679 1965 760 2052 ὅπερ
784 1970 852 2034 ἔδει
876 1967 990 2047 δεῖξαι.

560 2159 629 2244 λν’.

155 2277 353 2369 Ἀριθμῶν
377 2285 584 2352 δοθέντων
604 2280 842 2353 ὁποσωνοῦν
861 2280 995 2371 εὑρεῖν
1013 2282 1109 2364 τοὺς

92 2388 326 2473 ἐλαχίστους
353 2393 429 2457 τῶν
456 2386 526 2456 τὸν
550 2387 673 2456 αὐτὸν
696 2389 818 2476 λόγον
841 2389 1015 2477 ἐχόντων
1039 2387 1108 2457 αὐ-

40 2506 186 2572 τοτοῖς.

148 2596 323 2668 Ἔστωσαν
356 2602 391 2669 οἱ
422 2603 581 2681 δοθέντες
613 2598 798 2671 ὁποσοιοῦν
833 2599 974 2690 ἄρνθμοὶ
1003 2605 1040 2669 οῖ
1064 2612 1108 2688 A,

91 2712 138 2789 B,
162 2711 204 2771 Γ·
241 2709 296 2774 δεῖ
316 2704 358 2792 δή
383 2704 494 2795 εὑρεῖν
512 2706 592 2788 τοὺς
615 2709 806 2796 ἐλαχίστους
827 2711 896 2776 τῶν
918 2706 979 2775 τὸν
1002 2706 1108 2776 αὐτὸν

24 2843 32 2858 ν
90 2809 194 2895 λόγον
218 2811 363 2898 ἐχόντων
385 2824 457 2890 τοῖς
478 2820 521 2896 A,
545 2819 585 2897 Β,
609 2818 644 2882 Γ.

160 2917 204 2980 Οῖ
220 2923 263 3000 A,
283 2921 322 3000 B,
341 2921 373 2982 Γ
392 2913 455 3004 γὰρ
480 2914 554 3003 ήτοι
576 2920 702 3005 πρῶτον
725 2913 809 3004 πρὸς
830 2914 998 3002 ἀλλήλους
1020 2919 1109 2986 εἰσὶν

91 3060 306 3069 --.-—-...

165 3103 225 3163 1.ὁ
253 3107 347 3177 ἕτερος
365 3107 427 3177 Vm.
469 3109 520 3164 τοῦ
544 3106 642 3177 ἑτέρον
666 3110 779 3180 vaw.
852 3116 877 3166 2.
897 3106 988 3182 ἐστίν]
1010 3112 1108 3182 (prius)

92 3196 146 3235 om.
166 3179 197 3234 B.
253 3186 279 3235 3.
297 3180 406 3247 πρῶτος
423 3176 559 3251 ἄριδμός]
580 3197 665 3251 supra
677 3198 714 3238 m.
730 3187 746 3234 2
761 3180 794 3250 V,
813 3176 938 3252 ἀριθμὸς
955 3183 1067 3253 πρῶτος
1079 3202 1105 3253 p.

128 3258 152 3305 7.
170 3246 216 3304 λδ’
236 3248 396 3316 BV,Pm.
415 3267 483 3318 rec.;
501 3247 544 3305 λε’
563 3270 590 3321 p.
673 3258 698 3307 8.
718 3252 775 3314 πᾶς
796 3250 822 3308 Ρ.
905 3259 946 3307 11.
967 3247 1026 3309 ἐστι
1043 3253 1104 3322 Vm.

92 3328 133 3375 12.
153 3316 286 3392 γεγονός]
305 3321 364 3389 Pp,
384 3321 470 3390 δῆλον
489 3320 578 3388 va.
672 3328 713 3376 13.
740 3319 909 3394 ἐπιταχθέν]
934 3320 1106 3395 ζητούμενον

90 3392 188 3448 Theon
207 3389 346 3462 (vaqu).
422 3388 904 3462 1‘1.2s'BV‚Pm.1-e0.325'p.
978 3392 1106 3456 19.τοδς

90 3458 197 3527 αὐτους
213 3458 315 3533 λόγους
334 3460 389 3534 Bp.
462 3467 505 3521 22.
523 3459 591 3526 τοὺς
608 3458 715 3526 αὐτοὺς
731 3460 833 3534 λόγους
851 3463 928 3536 va
935 3485 964 3535 φ.
