2348 3818
104 152 170 218 374
479 152 680 207 ΣΤΟΙΧΒΙΩΝ
697 147 741 208 θ’.

104 295 165 381 μὲν
182 286 258 363 ὀῦν
285 301 318 361 Ε
344 288 386 361 οῦ
417 292 654 381 μετρήσουσιν·
688 289 706 361 ὁ
740 291 805 381 γάρ
833 300 866 361 Ε
888 293 1026 381 πρῶτός
1053 296 1121 364 ἐστι

104 401 160 469 καὶ
183 397 298 468 οῦδενὶ
316 402 385 467 τῶν
407 407 448 486 Β,
467 406 506 485 Γ,
525 408 558 467 Δ
577 397 595 466 ὁ
615 396 738 479 αὐτός..
765 396 826 467 τὸν
845 407 873 466 Ζ
892 397 960 485 άρα
978 403 1121 488 μετροῦ-

105 527 160 575 σιν
188 504 354 574 ἐλάσσονα
383 503 465 574 ὄντα
492 509 554 573 τοῦ
582 515 628 572 A·
663 504 744 592 ὅπερ
772 501 954 574 άὸῦνατον.
1007 503 1026 574 ὁ
1056 505 1120 594 γάρ

103 623 135 680 Α
157 608 330 679 ὑπόκειται
348 610 520 699 ἐλάχιστος
537 607 604 679 ὑπὸ
623 614 692 678 τάν
711 618 751 696 Β,
768 617 808 697 Γ,
827 620 860 678 A
884 612 1120 701 μετρούμενος.

70 717 167 788 σοῦτι
190 717 256 806 άρα
280 714 341 785 τὸν
362 725 395 785 A
417 716 571 804 μετρήσει
593 720 724 805 πρῶτος
747 712 893 805 ἀριθμὸς
915 716 1022 805 παρὲξ
1052 721 1120 786 τάν

105 832 150 911 Β,
168 830 211 911 Γ,
232 833 278 892 Δ·
303 821 384 913 ὅπερ
407 828 476 892 ἔδει
500 825 614 904 δεῖξαι.

583 1044 635 1085 ιε.

166 1140 255 1209 Ἐάν
272 1154 378 1227 τρεῖς
396 1140 563 1229 άριθμοὶ
582 1141 669 1227 ἕξής
687 1138 888 1226 άνάλογον
908 1132 1007 1209 οἶσιν
1034 1140 1118 1210 ἐλά-

104 1267 233 1334 χιστοι
261 1251 337 1314 τῶν
365 1244 434 1313 τὸν
462 1243 585 1313 αῦτὸν
614 1245 735 1331 λόγον
764 1246 937 1334 ἐχόντων
966 1244 1118 1334 αὐτοῖς,

52 1365 85 1415 10
105 1352 176 1420 δύο
209 1349 420 1420 ὁποιοιοῦν
451 1353 715 1431 συντεθέντες
742 1350 840 1440 πρὸς
871 1350 940 1420 τὸν
973 1353 1118 1422 λοιπὸν

103 1462 256 1543 πρῶτοί
276 1461 390 1525 εἰσιν.

159 1561 334 1631 Ἔστωσαν
361 1577 449 1651 τρεῖς
476 1560 617 1651 άριθμοὶ
645 1563 720 1649 ἑξής
749 1560 921 1649 άνάλομον
948 1563 1117 1652 ἐλάχιστοι

101 1675 171 1739 τῶν
197 1669 257 1738 τὸν
285 1668 390 1738 αὐτὸν
423 1669 526 1755 λόγον
559 1668 706 1757 ἐχόντων
741 1666 856 1749 αὐτοῖς
883 1673 920 1738 οἱ
944 1679 994 1756 A,
1014 1679 1061 1758 Β,
1081 1677 1117 1740 Γ

103 1777 204 1862 λέγω,
237 1775 288 1844 ὅτι
315 1781 384 1844 τῦν
411 1783 459 1861 A,
482 1783 526 1860 Β,
551 1781 584 1843 Γ
610 1777 671 1842 ὁύο
696 1773 871 1843 ὁποιοιοῦν
899 1778 1118 1858 συντεθέντες

51 1904 84 1954 15
103 1881 186 1970 πρὸς
207 1880 268 1949 τὸν
291 1879 410 1950 λοιπὸν
433 1885 562 1964 προῦτοί
582 1884 680 1965 εἰσιν,
704 1885 740 1948 οἱ
756 1880 817 1966 μὲν
841 1891 883 1966 A,
906 1889 934 1949 Β
953 1881 1041 1969 πρὸς
1060 1881 1117 1951 τὸν

102 1993 141 2072 Γ,
161 1992 196 2055 ολ
212 1987 250 2055 δὲ
268 1992 353 2072 Β,Γ
372 1985 455 2074 πρὸς
472 1984 533 2052 τὸν
551 1994 583 2051 Α
601 1985 657 2051 καὶ
677 1989 724 2052 ἔτι
744 1989 778 2052 οἱ
794 1984 982 2072 Α,Γπρὸς
999 1985 1064 2055 τὸν
1083 1995 1117 2055 Β.

169 2092 403 2178 Εἰλήφθωσαν
429 2091 493 2178 γὰρ
518 2090 684 2176 ἐλάχιστοι
707 2088 849 2178 άριθμοὶ
872 2095 940 2159 τοῦν
968 2090 1030 2159 τὸυ
1062 2091 1117 2160 αῦ-

102 2197 163 2265 τὸν
189 2197 294 2283 λόγον
324 2197 469 2283 ἐχόντων
497 2210 568 2274 τοῖς
594 2204 642 2282 A,
661 2204 706 2282 B,
726 2204 757 2265 Γ
786 2197 848 2264 δύο
878 2199 913 2264 οἱ
938 2205 1023 2283 ΛΕ,
1045 2206 1116 2265 ΕΖ.

104 2301 253 2389 φανερὸν
283 2307 342 2389 ὁή,
371 2300 421 2370 ὅτι
450 2300 468 2370 ὁ
498 2302 559 2388 μὲν
584 2310 654 2369 ΛΕ
675 2301 796 2371 ἑαυτὸν
822 2304 1117 2384 πολλαπλασιάσας

51 2433 87 2482 20
104 2407 166 2477 τὸν
196 2417 229 2475 Α
261 2415 455 2495 πεποίηκεν,
487 2406 548 2475 τὸν
578 2408 615 2476 ὁὲ
646 2415 710 2475 ΒΖ
737 2407 1032 2488 πολλαπλασιάσας
1060 2409 1117 2478 τὸν

102 2522 131 2582 Β
154 2520 347 2601 πεποίηκεν,
373 2515 430 2582 καὶ
458 2519 506 2580 ἔτι
535 2510 553 2580 ὁ
584 2521 648 2581 ΕΖ
675 2513 796 2582 ἑαυτὸν
824 2514 1119 2596 πολλαπλασιάσας

102 2619 162 2688 τὸν
181 2626 214 2687 Γ
226 2627 414 2707 πεποίηκεν.
450 2619 505 2685 καὶ
525 2618 594 2687 ἐπεὶ
614 2622 649 2686 οἱ
667 2627 745 2706 ΔΕ,
760 2628 822 2687 ΕΖ
837 2622 1005 2708 ἐλάχιστοί
1017 2626 1118 2708 εἰσιν,

105 2729 231 2811 πρῶτοι
261 2725 345 2810 πρὸς
377 2722 542 2810 ἀλλήλους
574 2729 669 2792 εἰσίν.
716 2723 775 2793 ἐὰν
808 2726 845 2793 ὁὸ
878 2724 941 2793 ὁάο
974 2721 1119 2813 άριθμοὶ

102 2834 228 2916 πρῶτοι
255 2829 339 2918 πρὸς
362 2827 527 2916 ἀλλήλους
550 2822 649 2915 άσιν,
680 2831 735 2896 καὶ
759 2832 1011 2917 συναμφότερος
1035 2831 1121 2920 πρὸς

49 2960 83 3010 25
103 2935 260 3023 ἑκάτερον
282 2934 412 3023 προῦτός
436 2938 538 3003 ἐστιν·
562 2936 617 3002 καὶ
641 2932 659 3003 ὁ
685 2944 750 3003 ΔΖ
773 2934 839 3021 άρα
858 2936 942 3023 πρὸς
959 2934 1120 3024 ἑκάτερον

175 3189 198 3237 1.
218 3181 384 3252 μετρήσουσι
402 3181 468 3249 VO?
488 3181 638 3249 μετροῦσιν
656 3179 687 3236 Β.
770 3177 845 3234 ἔστιν
862 3179 893 3235 Ρ.
970 3186 995 3235 2.
1016 3180 1120 3252 μετρή-

104 3271 199 3308 σουσιν
223 3253 285 3322 Vm.
324 3260 348 3307 3.
369 3247 439 3321 ὅπερ
464 3246 539 3305 ἐστίν
562 3250 652 3318 Βῖφ,
709 3256 732 3305 7.
756 3247 812 3322 ιε’]
838 3268 891 3307 om.
908 3271 938 3319 φ.
994 3258 1019 3307 9.
1045 3254 1120 3326 τῶν]

103 3341 157 3379 om.
178 3344 207 3392 φ.
283 3330 324 3377 10.
344 3318 498 3376 ὁποσοιοῦν
518 3322 584 3390 qet
603 3321 809 3391 suprascripto
828 3317 948 3376 ὁποιοῦν
967 3322 999 3376 Β.
1080 3332 1113 3380 13

104 3392 226 3462 ἐχόντων
244 3391 328 3461 λόγον
348 3412 378 3459 φ.
452 3399 491 3445 14.
513 3390 597 3460 λέγω,
617 3386 661 3446 ῦτι
679 3392 735 3444 τῶν
755 3399 789 3458 A,
808 3397 844 3459 B,
865 3393 905 3463 Γ]
925 3409 982 3461 mg.
1002 3411 1040 3448 m.
1060 3403 1120 3466 1φ.

100 3467 158 3521 τῶν
174 3471 210 3537 Α,
231 3468 267 3536 Β,
288 3464 328 3537 Γ]
350 3480 404 3519 om.
422 3461 460 3532 B,
478 3479 515 3517 m.
533 3468 550 3516 2
569 3463 602 3515 V.
693 3458 758 3533 δύο]
784 3479 838 3517 om.
857 3463 887 3516 B.
925 3458 1122 3536 ὁποτοιοῦνρ
