2348 3818
112 178 177 245 322
489 186 691 240 ΣοοΙΧΕιοα
709 183 748 256 η’.

111 325 180 392 ἐπεὶ
204 327 240 393 οἱ
261 330 299 409 Γ,
321 331 352 393 Δ
374 338 443 406 τοῖς
466 334 504 412 Ζ,
523 333 563 393 Η
581 331 686 421 ἐντῷ
711 327 800 421 αὐτῷ
825 329 916 422 λόγῳ
940 335 1046 417 εἰσίν,
1071 334 1124 399 καὶ

111 435 146 500 ἐκ
173 432 235 518 μὲν
262 436 331 500 τῶν
355 437 397 518 Γ,
416 441 450 500 A
472 436 563 502 ἐστιν
586 432 604 503 5
629 442 676 520 Κ,
700 437 736 503 ἐκ
764 436 802 503 55
823 440 892 504 τῶν
916 444 959 521 Ζ,
981 443 1023 504 Η
1041 434 1061 506 5
1086 444 1125 522 A,

111 540 146 606 ολ
167 544 210 622 Κ,
229 543 260 603 A
284 537 378 627 [ἄρα]
403 538 514 627 ὅμοιοι
538 543 691 609 ἐπίπεδοί
705 546 791 610 εἰσιν
809 539 967 632 ἀριθμοί·
991 547 1063 612 τῶν
1082 550 1126 629 Κ,

111 653 141 712 A
169 643 234 734 ἄρα
262 639 309 724 εἷς
340 647 440 732 μέσος
466 643 638 734 ἀνάλογόν
666 651 757 718 ἐστιν
789 647 945 738 ἀριθμός.
992 655 1080 719 ἔστω
1109 647 1126 718 5

75 759 158 820 οΜ.
204 747 222 819 5
250 759 295 819 Μ
317 751 382 839 άρα
405 753 496 820 ἐστὶν
519 751 537 821 5
563 755 689 821 ἐκτῶν
713 761 761 840 A,
780 762 822 840 Ζ,
851 751 897 834 ὥς
927 757 964 823 ἐν
987 759 1035 847 τῷ
1060 756 1125 845 πρὸ

109 857 232 927 τούτου
259 858 451 947 θεωρήματι
484 860 628 946 ἐδείχθη.
673 860 730 927 καὶ
758 861 828 928 ἐπεὶ
858 857 875 928 5
907 869 940 928 A
967 859 1031 930 τὸν
1065 862 1127 949 μὲν

110 971 142 1032 Γ
163 964 456 1043 πολλαπλασιάσας
485 962 545 1032 τὸν
568 971 603 1031 K
624 971 816 1052 πεποίηκεν,
845 963 906 1034 τὸν
932 965 970 1033 δὲ
993 975 1021 1034 Ζ
1046 975 1128 1037 πολ-

109 1071 336 1151 λαπλασιάσας
366 1068 427 1138 τὸν
454 1078 499 1138 Μ
525 1077 719 1158 πεποίηκεν,
753 1078 844 1141 ἔστιν
876 1071 941 1161 ἄρα
976 1069 1021 1153 ὡς
1052 1070 1071 1141 5
1099 1081 1132 1142 Γ

109 1179 191 1266 πρὸς
213 1177 272 1247 τὸν
296 1185 339 1262 Ζ,
368 1175 474 1257 οὕτως
497 1173 514 1244 5
538 1183 573 1243 K
592 1177 676 1266 πρὸς
698 1177 758 1246 τὸν
782 1187 831 1247 Μ.
877 1177 952 1246 ἀλλ’
980 1176 1025 1259 ὡς
1051 1178 1071 1248 5
1095 1187 1130 1247 K

57 1304 90 1354 10
109 1284 192 1372 πρὸς
218 1283 280 1353 τὸν
310 1290 365 1369 Μ,
394 1280 411 1350 5
439 1289 484 1350 M
510 1282 595 1367 πρὸς
621 1282 681 1353 τὸν
708 1291 748 1351 Λ.
790 1287 825 1352 οἱ
850 1292 899 1370 Κ,
919 1293 973 1370 Μ,
998 1290 1030 1350 A
1060 1284 1127 1375 ἄρα

109 1391 183 1476 ἑξῆς
214 1394 300 1456 εἰσιν
327 1386 497 1475 ἀνάλογον
525 1392 562 1458 ἐν
590 1394 635 1482 τῷ
664 1395 724 1459 τοῦ
756 1397 789 1458 Γ
816 1390 900 1479 πρὸς
923 1389 987 1458 τὸν
1011 1398 1040 1457 Ζ
1071 1391 1126 1460 λό-

109 1521 166 1587 γῳ.
210 1496 265 1562 καὶ
293 1495 365 1562 ἐπεί
390 1497 480 1563 ἐστιν
509 1494 554 1576 ὡς
582 1493 599 1563 5
627 1504 660 1565 Γ
687 1494 771 1584 πρὸς
798 1495 858 1565 τὸν
887 1503 936 1582 A,
968 1494 1081 1579 οὕτως
1107 1496 1124 1567 5

109 1610 136 1670 Ζ
159 1600 243 1690 πρὸς
264 1600 325 1669 τὸν
348 1609 395 1691 Η,
418 1600 559 1682 ἐναλλὰξ
582 1604 647 1691 άρα
670 1602 760 1670 ἐστὶν
780 1600 825 1682 ὡς
849 1598 866 1670 5
897 1608 930 1669 Γ
952 1601 1040 1690 πρὸς
1064 1604 1126 1673 τὸν

108 1716 151 1794 Ζ,
184 1706 290 1788 οὕτως
318 1706 336 1776 5
368 1716 401 1775 A
428 1706 511 1795 πρὸς
537 1706 598 1776 τὸν
625 1715 668 1777 H.
719 1707 775 1776 διὰ
806 1709 847 1776 τά
878 1705 963 1775 αὐτὰ
994 1706 1037 1789 δι’ι
1068 1711 1124 1778 καὶ

57 1833 88 1882 15
109 1812 154 1893 ὡς
181 1812 198 1882 5
228 1823 262 1882 A
288 1813 371 1903 πρὸς
397 1813 456 1882 τὸν
484 1821 532 1900 Η,
567 1815 673 1894 οὕτως
701 1812 718 1883 5
749 1823 780 1882 E
804 1813 889 1904 πρὸς
919 1811 980 1881 τὸν
1008 1823 1047 1884 Θ.
1093 1821 1128 1886 οἱ

108 1928 156 2007 Κ,
176 1928 230 2007 Μ,
249 1927 281 1987 A
308 1921 374 2008 ἄρα
401 1921 475 2006 ἑξῆς
503 1925 588 1987 εἰσιν
616 1919 786 2006 ἀνάλογον
817 1925 853 1988 ἔν
881 1946 915 1987 τε
939 1924 985 2012 τῷ
1009 1927 1074 1990 τοῦ
1098 1930 1129 1992 Γ

107 2026 190 2114 πρὸς
221 2025 281 2093 τὸν
311 2034 338 2093 Ζ
369 2025 458 2117 λόγῳ
485 2027 540 2093 καὶ
572 2031 617 2119 τῷ
649 2032 710 2095 τοῦ
739 2035 772 2094 A
801 2026 883 2117 πρὸς
916 2026 976 2094 τὸν
1004 2035 1045 2096 Η
1068 2031 1125 2097 καὶ

108 2137 156 2199 ἔτι
182 2136 228 2222 τῷ
256 2135 317 2199 τοῦ
345 2138 377 2198 Ε
401 2131 484 2220 πρὸς
511 2130 572 2201 τὸν
600 2140 637 2200 Θ.
684 2133 837 2222 ἑκατερος
868 2131 909 2219 δὴ
937 2136 1007 2201 τῶν
1030 2142 1125 2221 Ε,Θ

107 2237 167 2306 τὸν
194 2244 239 2304 Μ
261 2238 738 2326 πολλαπλασιάσας’ἑκάτερον
760 2243 829 2306 τῶν
854 2246 893 2305 Ν
895 2241 954 2324 ,Ξ
977 2247 1123 2310 ποιείτω.

53 2363 88 2412 20
106 2345 162 2411 καὶ
191 2343 260 2410 ἐπεὶ
284 2344 416 2432 στερεός
439 2347 529 2413 ἐστιν
553 2342 571 2412 5
595 2354 644 2430 A,
672 2345 812 2432 πλευραὶ
841 2344 879 2413 δὲ
906 2344 1013 2414 αὐτοῦ
1037 2352 1123 2415 εἰσιν

108 2454 143 2518 οἵ
169 2456 212 2536 Γ,
231 2458 279 2536 A,
298 2458 341 2535 Ε,
370 2448 388 2518 5
416 2458 448 2517 E
473 2449 538 2538 άρα
566 2449 626 2518 τὸν
658 2453 692 2518 ἐκ
720 2454 787 2518 τῶν
810 2457 856 2537 Γ,
877 2458 911 2517 A
932 2460 1123 2521 πολλαπλα-

107 2555 225 2637 σιάσας
247 2556 307 2625 τὸν
330 2564 362 2623 A
385 2561 571 2642 πεποίηκεν.
616 2554 633 2623 5
659 2556 696 2623 δὲ
719 2560 754 2624 ἐκ
777 2561 845 2625 τῶν
874 2562 912 2642 Γ,
931 2564 965 2625 A
989 2561 1082 2628 ἐστιν
1106 2557 1123 2628 5

106 2671 152 2731 Κ·
176 2662 193 2732 5
218 2655 254 2731 Ε
271 2661 335 2749 ἄρα
353 2661 414 2730 τὸν
437 2668 473 2728 Κ
489 2661 782 2741 πολλαπλασιάσας
800 2661 861 2729 τὸν
881 2671 913 2730 A
931 2672 1124 2752 πεποίηκεν.

107 2768 163 2837 διὰ
187 2769 227 2836 τά
251 2766 335 2836 αὐτοὶ
360 2767 402 2855 δὴ
425 2769 480 2836 καὶ
504 2766 521 2835 5
547 2775 575 2835 Θ
597 2767 659 2836 τὸν
682 2775 713 2835 A
736 2768 1033 2850 πολλαπλασιάσας
1061 2772 1123 2841 τὸν

53 2882 135 2944 2513
163 2880 348 2959 πεποίηκεν.
394 2875 449 2942 καὶ
478 2874 547 2941 ἐπεὶ
576 2901 593 2941 ο
624 2881 656 2940 Ε
676 2870 736 2941 τὸν
763 2881 799 2941 Κ
825 2877 1124 2959 πολλαπλασιάσας

105 2978 165 3049 τὸν
193 2987 226 3046 Α
251 2984 445 3067 πεποίηκεν,
478 2979 562 3048 άλλά
591 2980 660 3067 μὴν
687 2981 742 3048 καὶ
770 2978 830 3049 τὸν
864 2988 908 3047 Μ
930 2988 1123 3051 πολλαπλα-

106 3083 224 3163 σιάσας
252 3083 314 3151 τὸν
341 3094 377 3152 Ν
403 3093 598 3173 πεποίηκεν,
632 3091 721 3153 ἔστιν
750 3083 816 3175 ἄρα
846 3081 891 3166 ὡς
920 3084 937 3152 5
971 3093 1007 3153 K
1037 3089 1123 3176 πρὸς

105 3189 165 3258 τὸν
192 3196 247 3275 Μ,
276 3191 381 3272 οὕτως
409 3191 426 3260 5
450 3203 482 3262 A
505 3193 590 3282 πρὸς
617 3192 678 3260 τὸν
700 3199 745 3260 Ν.
790 3190 835 3271 ὡς
863 3191 901 3259 55
925 3191 942 3259 5
973 3199 1009 3260 Κ
1035 3196 1123 3284 πρὸς

104 3295 165 3364 τὸν
192 3303 246 3382 Μ,
280 3294 387 3377 οὕτως
414 3299 434 3365 5'
460 3325 495 3367 τε
521 3305 554 3367 Γ
582 3297 668 3387 πρὸς
694 3297 756 3366 τὸν
786 3306 813 3365 Ζ
841 3297 896 3365 καὶ
925 3296 943 3366 5
974 3308 1008 3365 A
1036 3304 1123 3390 πρὸς

50 3401 164 3476 θοπὸν
201 3410 241 3470 Η
267 3403 322 3471 καὶ
357 3410 404 3472 ἔτι
437 3402 454 3472 5
489 3414 520 3473 Ε
549 3404 633 3492 πρὸς
664 3403 724 3473 τὸν
756 3411 797 3472 Θ·
830 3404 885 3471 καὶ
918 3401 963 3484 ὡς
997 3404 1067 3493 ἄρα
1102 3437 1120 3476 ο

158 3556 184 3604 1.
207 3547 256 3625 ολ]
276 3569 349 3610 corr.
372 3543 594 3610 αὑταιὶ
651 3544 790 3611 amq.
876 3539 1128 3610 55szAE
