2348 3818
102 151 125 213 4
485 151 687 203 Συοιιιειιιιι
706 145 732 202 ι’.

101 290 185 359 αὐτὰ
205 289 360 378 ἀλογοι,
384 295 415 359 εί
433 290 494 378 μέν
514 289 705 377 τετράγωνα
724 297 786 376 είιγ,
806 286 903 357 αὐτοὶ
919 293 956 356 αί
966 297 1122 377 πλευραί,

103 402 133 466 εί
152 397 188 465 δὲ
213 397 307 483 ἕτερά
322 425 397 466 τινα
412 397 645 486 εὐθύγραμμα,
666 400 703 464 αί
720 405 775 464 ίσα
795 393 910 478 αὐτοῖς
927 396 1123 483 τετράγωνα

103 501 372 590 ἀναγράφουσαι.

591 645 632 714 α’.

67 793 82 842 5
171 768 255 836 Δύο
279 773 458 856 μεγεθῶν
482 767 634 837 ἀνίσων
662 770 919 855 ἐκκειμένων,
948 765 1017 835 ἐὰν
1045 766 1121 837 ἀπὸ

99 879 170 943 τοῦ
196 881 377 962 μείζονος
400 874 602 964 ἀφαιρεθῇ
628 881 763 962 μεῖζον
790 870 811 961 ἢ
834 872 877 942 τὸ
905 872 1027 961 ἥμισυ
1054 876 1123 943 καί

101 986 171 1049 τοί
202 982 548 1068 καταλειπομένου
582 988 716 1067 μεῖζον
749 976 770 1067 ἢ
802 978 845 1049 τὸ
879 977 1018 1066 ἥμισυ,
1050 982 1123 1049 καί

54 1116 57 1119 “
101 1092 220 1155 τοῦτο
254 1085 319 1155 ἀεὶ
345 1093 547 1174 γίγνηται,
580 1084 850 1173 λειφθήσεταί
873 1112 909 1152 τι
937 1087 1122 1173 μέγεθος,

102 1189 122 1260 δ
147 1197 258 1261 ἔσται
282 1199 455 1261 ἔλασσον
477 1197 549 1261 τοῦ
572 1194 804 1279 ἐκκειμένου
823 1191 1040 1272 ἐλάσσονος
1059 1219 1122 1279 με·

51 1322 85 1372 10
103 1301 259 1386 γέθους.
443 1374 448 1382 f

158 1403 267 1472 Ἔστω
278 1404 341 1472 δύο
352 1407 477 1492 μεγέθη
492 1405 594 1473 ἀνισα
607 1404 648 1473 τά
667 1413 743 1490 ΑΒ,
755 1411 793 1490 Γ,
807 1397 857 1472 οἶν
870 1411 981 1491 μεῖζον
991 1402 1028 1471 τὸ
1040 1411 1123 1470 ΑΒ·

101 1514 198 1597 λέγω,
217 1510 280 1598 ὅτι,
301 1513 361 1579 έαν
373 1508 439 1579 ἀπὸ
451 1519 513 1581 τοῦ
529 1523 561 1580 Α
569 1520 597 1580 Β
612 1509 784 1602 ἀφαιρεθῇ
804 1519 916 1599 μεῖζον
930 1508 951 1598 ἢ
965 1509 1004 1579 τὸ
1018 1508 1123 1597 ἥμισυ

100 1618 156 1686 καί
179 1620 240 1684 τοῦ
262 1620 549 1705 καταλειπομένου
572 1627 683 1706 μεῖζον
707 1617 728 1706 ἢ
752 1618 790 1688 τὸ
813 1617 925 1706 ἥμισυ,
947 1619 1122 1685 καὶτοῦτο

102 1721 155 1792 ἀεὶ
177 1729 343 1811 γίγνηται,
367 1728 589 1814 λειφθήσεταί
603 1753 635 1794 τι
655 1726 809 1813 μέγεθος,
828 1722 847 1793 δ
867 1731 958 1794 ἔσται
977 1728 1123 1791 ἔλασσον

52 1853 85 1902 15
102 1835 164 1898 τοῦ
188 1836 221 1897 Γ
239 1833 412 1917 μεγέθους.

173 1934 218 2002 Τὸ
240 1941 272 2003 Γ
290 1935 356 2021 γὰρ
376 1936 750 2022 πολλαπλασιαζόμενον
769 1940 860 2004 ἔσται
878 1935 959 2004 ποτὲ
976 1939 1037 2003 τοῦ
1056 1943 1122 2003 ΑΒ

104 2047 224 2128 μεῖζον.
254 2041 613 2127 πεπολλαπαλσιάσθω,
634 2042 691 2110 καὶ
710 2040 844 2110 ἔστωτὰ
861 2049 894 2108 Δ
899 2048 931 2108 Ε
942 2045 1004 2108 τοῦ
1019 2039 1080 2128 μὲν
1094 2048 1128 2109 Γ

102 2144 368 2232 πολλαπλάσιον,
388 2157 448 2214 τοῦ
463 2147 501 2215 δέ
515 2155 581 2215 ΑΒ
596 2153 719 2233 μεῖζον,
737 2149 794 2215 καί
809 2145 984 2235 διῃρήσθω
998 2143 1036 2214 τὸ
1052 2155 1126 2214 ΔΕ

104 2256 150 2332 είς
168 2250 210 2318 τά
230 2255 274 2342 τῷ
290 2257 321 2319 Γ
341 2260 396 2319 ίσα
414 2249 455 2320 τά
476 2262 508 2320 Δ
515 2260 553 2340 Ζ,
574 2260 650 2340 ΖΗ,
669 2261 747 2340 ΗΕ,
769 2255 825 2320 καὶ
844 2250 1034 2342 ἀφῃρήσθω
1054 2249 1122 2321 ἀπὸ

50 2382 85 2431 20
104 2358 166 2444 μὲν
183 2361 243 2424 τοῦ
268 2367 301 2425 Α
306 2365 334 2425 Β
354 2364 464 2445 μεῖζον
483 2355 504 2446 ἢ
523 2358 561 2427 τὸ
580 2359 685 2446 ἥμισυ
702 2362 740 2428 τὸ
755 2366 829 2445 ΒΘ,
848 2357 913 2426 ἀπὸ
929 2358 968 2427 δὲ
980 2368 1041 2426 τοῦ
1055 2368 1088 2426 Α
1094 2366 1124 2427 Θ

103 2469 215 2551 μεῖζον
238 2458 259 2550 ἢ
282 2463 320 2531 τὸ
352 2463 456 2550 ἥμισυ
477 2462 515 2532 τὸ
541 2472 621 2551 ΘΚ,
649 2467 704 2533 καὶ
732 2469 832 2533 τοῦτο
861 2462 913 2533 ἀεὶ
939 2466 1123 2552 γιγνέσθω,

103 2572 166 2650 ἕως
189 2567 234 2639 ἀν
257 2573 295 2638 αί
316 2572 354 2638 έν
376 2573 422 2662 τῷ
451 2577 516 2637 ΑΒ
540 2571 718 2658 διαιρέσεις
741 2575 937 2657 ἰσοπληθεῖς
959 2572 1123 2655 γένωνται

103 2692 175 2759 ταῖς
198 2681 235 2746 έν
257 2681 303 2769 τῷ
330 2684 400 2744 ΔΕ
422 2678 634 2764 διαιρέσεσιν.

161 2783 337 2852 Ἔστωσαν
362 2775 426 2851 οὖν
448 2785 486 2851 αί
507 2791 587 2868 ΑΚ,
606 2791 640 2850 Κ
645 2790 684 2869 Θ,
704 2787 770 2851 ΘΒ
792 2784 970 2870 διαιρέσεις
986 2787 1123 2870 ἰσοπλη-

51 2913 85 2962 25
103 2899 179 2969 θείς
198 2881 298 2956 οὖσαι
312 2902 384 2969 ταῖς
397 2897 432 2956 Δ
437 2896 475 2973 Ζ,
495 2895 574 2975 ΖΗ,
592 2897 674 2958 ΗΕ·
700 2890 755 2956 καὶ
775 2889 845 2957 ἐπεὶ
863 2888 975 2976 μεῖζόν
995 2891 1064 2957 ἐστι
1082 2890 1121 2958 τὸ

108 3003 175 3063 ΛΕ
195 2999 257 3062 τοῦ
275 3005 307 3062 Α
314 3002 358 3081 Β,
381 2994 437 3073 καὶ
458 2993 628 3082 ἀφῄρηται
647 2993 712 3064 ἀπο
732 2994 793 3082 μὲν
812 2998 873 3063 τοῦ
891 3003 961 3062 ΔΕ
979 3001 1122 3065 ἔλασσον

103 3107 165 3171 τοῦ
184 3101 330 3188 ἡμίσεως
347 3100 385 3169 τὸ
406 3109 490 3188 ΕΗ,
506 3089 575 3170 ἀπὸ
591 3102 629 3170 δὲ
641 3106 702 3171 τοῦ
717 3108 786 3169 AB
804 3108 915 3189 μεῖζον
931 3098 952 3189 ἢ
967 3103 1004 3170 τὸ
1018 3100 1122 3189 ἥμισυ

179 3286 204 3333 1.
228 3274 318 3348 ἀλογα
338 3278 371 3346 V,
391 3296 459 3334 corr.
478 3297 515 3334 m.
535 3272 568 3336 2.'
598 3279 706 3334 Deinde
727 3279 790 3334 add.
810 3281 1006 3334 καλείσθωσαν
1025 3279 1123 3336 Theon

105 3349 240 3420 (Blvvb).
313 3356 337 3405 2.
366 3352 424 3404 ίσαι
443 3370 473 3418 φ.
546 3357 571 3405 5.
596 3347 781 3421 ἐκκειμένων]
805 3352 869 3405 ante
888 3345 994 3405 ἀνίσων
1017 3350 1123 3405 add.B

104 3437 163 3492 mg.
182 3440 218 3475 m.
240 3426 264 3475 1.
326 3427 350 3477 8.
371 3415 429 3491 ἀεί]
450 3418 550 3486 αίείΓ,
570 3417 725 3476 ἀείάνῊ
789 3420 939 3490 γίνηταιλί
958 3424 1123 3492 (νουσιν),

104 3493 232 3561 γίγνεται
254 3491 281 3546 b.
372 3489 551 3561 ληφθήσεται
574 3491 627 3548 Vb.
716 3497 740 3546 9.
766 3487 842 3547 έστιν
864 3491 962 3547 Theon
984 3492 1122 3564 (BFVb).
