2348 3818
352 136 628 188 ΕῙΕΜΕΝΤΟΒΠΜ
646 136 755 189 LIBER
773 138 806 191 V.
1059 135 1101 199 15

79 279 283 364 multiplices
311 283 402 365 sunt,
429 283 464 345 et
488 282 601 364 quinta
628 283 695 344 KZ
719 280 925 346 seeundaeB
949 283 1102 364 sextoque

85 390 154 450 ΛΘ
178 389 315 472 quartae
343 391 376 450 Δ
400 406 501 471 aeque
524 386 721 470 multiplices
753 389 843 473 sunt,
870 387 970 451 etiam
992 388 1100 472 prima

86 493 262 578 quintaque
291 492 491 576 compositae
518 496 582 557 ΕΖ
613 492 771 558 secundae
794 496 823 557 Β
847 495 880 558 et
902 494 1001 559 tertia
1029 516 1100 558 sex-

85 603 184 683 taque
213 598 415 682 compositae
447 601 516 662 ΗΘ
541 601 676 681 quartae
707 604 740 661 A
769 619 869 682 aeque
901 598 1099 684 multiplices

83 708 179 770 erunt
203 705 308 789 [prop.
331 703 389 786 Π].

138 809 241 895 'Ergo
264 809 294 875 si
319 811 426 894 prima
455 811 613 876 secundae
642 815 675 875 et
704 811 802 874 tertia
832 814 964 895 quartae
997 832 1099 895 aeque

79 915 283 1001 multiplices
303 920 388 1002 sunt,
407 920 440 982 et
454 917 578 1001 primae
591 917 773 1001 tertiaeque
787 938 888 1003 aeque
903 917 1099 1000 multiplices

82 1024 274 1107 sumuntur,
297 1023 397 1087 etiam
420 1043 458 1087 ex
482 1044 584 1108 aequo
608 1023 871 1110 magnitudinum
895 1025 1098 1106 sumpturum

78 1129 188 1193 altera
211 1127 370 1192 secundae
389 1129 494 1194 altera
512 1133 648 1214 quartae
667 1151 767 1214 aeque
787 1128 986 1213 multiplices
1005 1132 1100 1194 erunt

82 1235 236 1321 singulae
260 1236 476 1320 singsdarum3
499 1235 583 1321 quod
608 1241 681 1301 erat
702 1236 998 1302 demonstrandum.

563 1412 621 1478 IV.

75 1520 78 1523 ¹
150 1533 184 1601 Si
214 1537 322 1619 prima
354 1535 395 1600 ad
427 1536 603 1601 secundam
635 1538 770 1602 eandem
802 1538 964 1602 rationem
995 1536 1096 1603 habet

80 1664 118 1706 ac
147 1643 246 1707 tertia
265 1642 305 1707 ad
329 1646 494 1726 quartam,
517 1642 615 1706 etiam
631 1642 762 1726 primae
787 1644 967 1726 tertiaeque
997 1663 1097 1725 aeque

80 1749 279 1833 multiplices
309 1748 350 1812 ad
373 1748 531 1813 secundae
555 1750 754 1831 quartaeque
777 1768 877 1830 aeque
900 1746 1097 1830 multiplices

79 1856 227 1939 qualibet
259 1855 530 1938 multiplicatione
563 1855 738 1938 productas
771 1852 904 1917 eandem
936 1853 1098 1917 rationem

62 1957 252 2025 vhabebunt
275 1982 334 2025 suo
357 1961 469 2026 ordine
492 1965 649 2046 sumptae.

769 2063 818 2130 Sit
838 2067 925 2131 enim
939 2073 971 2132 Α
987 2090 994 2130 :
1010 2070 1038 2130 Β
1053 2097 1095 2118 =

721 2174 772 2236 F:
789 2178 837 2254 A,
866 2177 898 2237 et
925 2176 1096 2237 sumantur

721 2278 983 2362 magnitudinum
1010 2283 1053 2359 A,
1068 2280 1100 2342 Γ

722 2405 823 2468 aeque
845 2386 1042 2468 multiplices
1057 2388 1096 2462 Ε,

657 2505 658 2508 ’
723 2495 750 2553 Ζ
778 2495 811 2555 et
834 2490 1095 2576 magnitudinum

650 2588 652 2592 ’
690 2613 693 2646 ³
721 2599 765 2678 Β,
781 2602 814 2658 Δ
846 2596 929 2660 aliae
961 2594 1095 2679 quaeuis

721 2723 820 2787 aeque
839 2703 1037 2787 multiplices
1051 2705 1095 2786 H,

720 2813 757 2873 Θ.
794 2808 875 2891 dico,
898 2829 967 2872 esse
991 2812 1098 2872 E:H

721 2946 763 2967 =
779 2920 827 2978 Z:
843 2918 880 2979 Θ.

788 3027 959 3086 sumantur
1008 3020 1093 3084 enim

720 3128 982 3211 magnitudinum
1005 3132 1093 3210 Ε,Ζ

720 3256 820 3318 aeque
838 3234 1034 3317 multiplices
1048 3235 1094 3314 K,

78 3348 110 3407 Λ
131 3347 166 3408 et
188 3344 446 3429 magnitudinum
469 3347 515 3425 H,
536 3347 565 3406 Θ
606 3343 689 3407 aliae
731 3341 866 3428 quaeuis
889 3360 995 3423 aeque
1012 3337 1101 3398 mul·

74 3449 208 3532 tiplices
231 3454 281 3533 M,
295 3453 337 3514 Ν,
367 3450 433 3514 iam
459 3449 618 3536 quoniam
643 3455 674 3518 Ε
697 3446 962 3539 magnitudinis¹
977 3446 1024 3520 Α,
1043 3436 1113 3499 Μ
