2348 3818
343 157 618 223 murmurouuu
634 159 744 209 umus
760 159 821 225 1x„
1025 157 1090 222 397

145 322 223 365 nam
253 301 404 385 quoniam
428 305 494 366 AB
520 301 627 386 impar
654 302 716 383 est,
746 299 956 365 subtrahatur
983 302 1091 367 unitas

77 413 156 473 BA.
201 408 311 492 itaque
338 406 479 491 reliquus
503 411 575 470 ΑΔ
601 429 662 490 par
688 410 748 471 est.
795 407 907 471 eadem
932 407 970 472 de
994 429 1093 473 eausa

78 516 180 580 stiam
203 517 267 579 ΓΛ
288 536 349 598 par
371 517 421 578 ost
445 512 522 594 [VII
544 513 605 578 def.
631 511 704 598 7].¹)
741 535 820 599 ergo
844 514 943 578 etiam
967 514 1023 599 qui
1045 535 1092 578 re·

77 621 254 705 linquitur,
281 622 342 686 ΓΑ
367 642 428 704 par
456 623 507 684 est
529 621 633 703 [prop.
656 619 796 703 XXIV];
830 621 915 704 quod
944 624 1015 686 orat
1038 622 1092 687 de·

78 726 337 791 monstrandum.

516 849 652 917 XXVII.

147 972 183 1039 Si
206 996 225 1038 a
247 995 381 1039 numero
404 974 523 1058 impari
545 997 606 1058 par
629 975 841 1058 subtrahitur,
866 975 1008 1060 reliquus
1031 974 1090 1039 im·

75 1104 139 1168 par
161 1081 232 1145 erit.

149 1185 235 1251 Nam
265 1208 284 1250 a
309 1206 444 1251 numero
472 1187 591 1271 impari
613 1193 680 1253 AB
706 1211 767 1273 par
790 1187 999 1253 subtrahatur
1022 1190 1093 1253 ΒΓ.

75 1294 161 1377 dico,
185 1293 344 1376 reliquum
368 1294 429 1358 ΓΑ
450 1292 609 1377 imparem
632 1317 712 1361 esso.

351 1447 422 1485 Ι--Ι
635 1450 805 1487 Ι--Ι

350 1507 435 1557 ΑΔ
624 1506 651 1557 Γ
790 1509 812 1557 Β
1076 1520 1135 1606 q

148 1650 223 1692 nam
247 1627 459 1693 subtrahatur
481 1631 590 1695 unitas
613 1635 691 1695 ΑΔ.
737 1631 846 1715 itaque
870 1634 938 1694 AB
960 1652 1021 1713 par
1044 1633 1094 1694 est

79 1732 159 1814 [VII
182 1733 243 1799 def.
267 1735 308 1815 7].
350 1757 463 1800 uorum
487 1737 585 1801 etiam
609 1739 675 1803 ΒΓ
693 1759 753 1823 par
777 1738 835 1802 est.
872 1756 969 1820 quaro
993 1735 1092 1799 etiam

78 1840 225 1923 reliquus
249 1843 312 1904 ΓΔ
338 1863 398 1925 par
425 1845 475 1905 est
498 1844 601 1927 [prop.
619 1840 753 1923 XXIV}
800 1862 876 1926 ergo
900 1844 960 1905 ΓΑ
987 1841 1093 1923 impar

79 1949 133 2010 est
157 1945 234 2025 [VII
257 1945 318 2009 def.
344 1947 390 2030 7]3
414 1947 498 2030 quod
522 1953 591 2012 erat
614 1948 910 2013 demonstrandum.

508 2121 662 2189 XXVIIL

150 2243 183 2309 Si
212 2267 363 2311 numerus
392 2247 499 2330 impar
528 2268 639 2330 parom
669 2247 892 2332 multiplicans
921 2269 1092 2312 numerum

79 2351 221 2433 aliquem
244 2351 392 2436 offecerit,
414 2373 568 2417 numerus
590 2354 767 2436 productus
789 2376 849 2439 par
871 2355 941 2419 erit.

79 2460 224 2509 1-¹A
450 2457 538 2524 Nam
565 2460 671 2544 impar
693 2481 848 2525 numerus
874 2466 905 2525 Α
927 2481 1041 2542 parem
1065 2464 1093 2524 Β

78 2565 281 2616 Ι--ΒΒ
406 2565 627 2648 multiplicans
636 2564 989 2630 numerumi'offioiat.
1012 2564 1094 2648 dico,

80 2686 84 2723 ¹
326 2671 363 2722 ΙΓ
401 2692 571 2736 numerum
593 2674 625 2735 Γ
643 2692 754 2755 parom
777 2692 857 2736 osse.

148 2800 225 2843 nsm
245 2777 399 2862 quoniam
423 2782 455 2841 A
468 2792 511 2846 ><
525 2782 554 2841 Β
569 2807 611 2829 --
626 2781 663 2862 Γ,
681 2799 833 2842 numerus
852 2780 885 2842 Γ
899 2799 938 2842 ox
956 2778 1093 2843 totidem

81 2884 225 2948 numeris
239 2905 374 2948 numero
389 2887 417 2948 Β
432 2884 623 2967 aequalibus
637 2886 837 2968 compositus
851 2886 910 2969 ast,
925 2888 1005 2970 quot
1018 2890 1095 2951 sunt

81 2991 255 3055 unitates
245 3012 280 3054 m
299 2995 331 3054 A
349 2988 426 3070 [VII
439 2988 501 3054 def
518 2989 640 3070 15].a
622 2993 780 3074 athar
794 2994 852 3056 ost.
829 2993 922 3056 tI'
935 2992 1037 3076 igitur
1056 3015 1094 3059 ex

83 3096 217 3180 paribus
247 3095 446 3179 compositus
475 3100 533 3161 ost.
581 3095 632 3160 sin
658 3099 738 3180 quot
723 3097 820 3161 tlibet
805 3099 971 3164 tnumeri
997 3121 1094 3183 pares

82 3205 331 3287 componuntur,
361 3205 451 3267 totus
473 3224 535 3287 par
558 3205 607 3266 est
632 3204 733 3287 [prop.
752 3202 852 3284 XXI].
889 3226 967 3290 ergo
986 3209 1019 3270 Γ
1037 3228 1097 3288 par

80 3313 145 3393 est3
169 3308 254 3392 quod
277 3314 347 3373 erat
370 3307 664 3375 demonstrandum.

156 3486 183 3552 1)
201 3482 275 3537 Nam
293 3482 503 3553 supposuimus,
524 3485 575 3535 ΓΒ
594 3481 730 3552 imparem
749 3499 819 3540 esse.
