2310 3824
105 178 169 244 138
472 177 673 231 Στοιχειαα
691 173 729 230 τ’.

105 324 296 388 διπλασίονι
315 316 404 409 λόγῳ
425 318 493 385 ἐστὶ
512 321 580 386 τών
604 315 781 403 ὁμολόγων
799 320 964 404 πλευρῶν.
1006 317 1063 384 καὶ
1082 319 1119 385 τδ

104 431 279 494 ΑΒΓΔΕ
300 422 366 511 ἄρα
389 420 589 510 πολύγωνον
612 422 697 511 πρὸς
718 423 756 492 τὸ
777 429 950 491 ΖΗΘΚΛ
968 422 1121 509 πολύγω-

104 559 168 602 νον
207 535 408 598 διπλασίονα
445 531 549 618 λόγον
585 533 651 617 ἔχει
687 527 772 619 ἤπερ
803 526 824 616 ἡ
857 536 923 596 ΑΒ
956 525 1121 616 ὁμόλογος

107 635 232 723 πλευρὰ
257 636 341 724 πρὸς
362 636 426 723 τὴν
450 638 525 704 ΖΗ
543 634 711 723 ὁμόλογον
734 634 890 724 πλευράν.
915 714 918 719 ,

71 775 88 824 5
177 742 225 810 Τδι
260 741 326 830 ἄρα
356 741 456 829 ὅμοια
488 742 668 829 πολύγωνα
701 749 749 823 είς
780 769 816 810 τε
845 740 946 829 ὅμοια
974 748 1121 829 τρίγωνα

107 855 285 937 διαιρεῖται
311 850 368 917 καὶ
396 854 443 930 είς
471 857 527 917 ίσα
554 847 592 918 τὸ
624 851 755 935 πλῆθος
781 847 837 915 καὶ
870 844 1021 934 ὁμόλογα
1052 860 1122 927 τοῖς

107 954 215 1043 ὅλοις,
248 956 304 1023 ιιαδ
326 954 364 1022 τὸ
388 955 588 1041 πολύγωνον
611 953 696 1039 πρὸς
717 952 755 1021 τὸ
779 953 980 1039 πολύγωνον
1005 957 1121 1022 διπλα-

108 1068 207 1130 σίονα
236 1060 342 1147 λόγον
369 1065 436 1147 ἔχει
463 1059 547 1149 ἥπερ
570 1057 591 1147 ἡ
616 1057 780 1146 ὁμόλογος
801 1057 928 1146 πλευρὰ
952 1058 1037 1147 πρὸς
1060 1058 1122 1146 τὴν

107 1165 275 1253 ὁμόλογον
298 1164 448 1252 πλευρόν
473 1163 569 1252 [ὅπερ
593 1169 661 1233 ἔδει
685 1167 814 1249 δείξαι]

53 1357 87 1406 10
509 1322 703 1410 Πόρισμα.

168 1427 340 1510 Ὡσαύτως
369 1429 406 1497 δὲ
429 1429 484 1496 καὶ
509 1429 562 1498 ἐπὶ
590 1432 658 1497 τῶν
683 1427 839 1515 [ὁμοίων]
863 1428 1119 1519 τετραπλεύρων

106 1535 333 1624 δειχθήσεται,
361 1536 412 1604 ότι
440 1538 477 1604 ἐν
505 1540 697 1604 διπλασίονι
729 1534 819 1628 λόγῳ
847 1534 912 1602 είσὶ
940 1539 1010 1604 τών
1039 1534 1119 1624 ὁμο-

105 1641 217 1730 λόγων
245 1638 409 1731 πλευρῶν.
454 1644 590 1729 ἐδείχθη
619 1640 657 1708 δὲ
683 1639 738 1708 καί
762 1641 815 1708 ἐπὶ
837 1643 906 1708 τών
928 1641 1120 1729 τριγώνων·

106 1750 190 1818 ώστε
226 1751 282 1819 καὶ
314 1749 467 1820 καθόλου
498 1747 539 1816 τὰ
572 1745 673 1833 ὅμοια
705 1744 929 1834 εὐθύγραμμα
966 1747 1120 1834 σχήματα

56 1886 88 1936 15
107 1856 190 1943 πρὸς
213 1854 341 1942 ύλληλα
364 1858 400 1924 ἐν
425 1860 617 1923 διπλασίονι
640 1854 728 1943 λόγῳ
753 1852 817 1919 είσὶ
844 1855 913 1920 τών
941 1850 1119 1941 ὁμολόγων

105 1966 267 2049 πλευρών.
309 1961 390 2045 ὅπερ
414 1964 481 2027 ἔδει
505 1960 618 2039 δείξαι.

479 2116 679 2204 [Πόρισμα
697 2117 740 2204 β’.

171 2222 240 2291 Καὶ
274 2221 333 2291 ἐὰν
365 2225 432 2290 τών
460 2228 541 2307 ΑΒ,
562 2229 634 2289 ΖΗ
656 2229 772 2310 τρίτην
804 2221 975 2308 ιἰνώλογον
1010 2224 1118 2312 λάβω·

104 2355 165 2415 μεν
197 2326 259 2415 τὴν
292 2332 336 2415 Ξ,
368 2326 389 2415 ἡ
418 2336 485 2396 ΒΑ
517 2327 601 2416 πρὸς
632 2326 695 2416 τὴν
721 2332 751 2406 Ξ
781 2334 982 2398 διπλασίονα
1014 2331 1118 2417 λόγον

54 2467 88 2515 20
107 2439 173 2521 ἔχει
206 2431 289 2521 ἤπερ
326 2431 348 2521 ἡ
381 2442 446 2502 ΑΒ
478 2434 562 2522 πρὸς
594 2432 656 2520 τὴν
693 2441 769 2502 ZH.
819 2439 886 2522 ἔχει
919 2434 958 2502 δδ
991 2435 1049 2504 καὶ
1081 2436 1118 2506 τὸ

105 2539 306 2627 πολύγωνον
337 2538 421 2627 πρὸς
453 2538 490 2608 τὸ
524 2539 725 2627 πολύγωνον
757 2536 777 2626 ἢ
806 2538 844 2608 τὸ
872 2539 1118 2631 τετράπλευρον

104 2647 188 2735 πρὸς
206 2647 243 2716 τὸ
267 2646 511 2734 τετράπλευρον
531 2651 731 2715 διπλασίονα
754 2646 857 2733 λόγον
885 2644 968 2734 ἥπερ
993 2645 1014 2734 ἡ
1038 2645 1118 2734 ὁμό-

105 2761 204 2839 λογος
226 2749 353 2840 πλενρδι
375 2753 458 2841 πρὸς
481 2751 542 2838 τὴν
567 2750 735 2839 ὁμόλογον
757 2751 921 2840 πλευράν,
945 2755 1117 2823 τουτέστιν

104 2855 211 2944 ἡΑΒ
235 2857 319 2946 πρὸς
346 2858 408 2944 τὴν
433 2865 512 2925 ΖΗ·
546 2861 680 2945 ἐδείχθη
711 2858 749 2926 δὲ
770 2863 870 2927 τοῦτο
893 2860 949 2926 καὶ
973 2861 1027 2928 ἐπὶ
1050 2864 1117 2929 τών

51 2994 85 3043 25
104 2964 291 3050 τριγώνων
315 2963 399 3033 ώστε
418 2965 473 3031 καὶ
491 2963 644 3032 καθόλου
668 2964 834 3052 φανερόν,
858 2963 920 3051 ὅτι,
946 2963 1006 3033 ἐὰν
1029 2980 1117 3055 τρεῖς

106 3068 236 3137 εὐθεῖαι
259 3068 430 3156 ἆνύλογον
455 3062 554 3156 ώσιν,
579 3074 670 3138 ἔσται
694 3068 739 3152 ώς
761 3068 782 3157 ἡ
805 3071 918 3159 πρώτη
942 3070 1028 3160 πρὸς
1055 3072 1116 3160 τὴν

105 3181 233 3262 τρίτην,
258 3173 364 3255 οὕτως
382 3174 419 3243 τὸ
445 3172 510 3243 ἀπὸ
535 3179 593 3262 τῆς
616 3175 748 3263 πρώτης
771 3172 860 3256 εἶδος
882 3176 966 3262 πρὸς
989 3177 1027 3246 τὸ
1052 3176 1117 3246 ιἰπὸ

103 3285 161 3368 τῆς
185 3282 341 3366 δευτέρας
363 3278 401 3348 τό
426 3278 545 3367 ὅμοιον
568 3281 624 3348 καὶ
652 3278 777 3367 ὁμοίως
805 3281 1114 3371 ἀναγραφόμενον]

176 3431 199 3476 1.
216 3419 290 3477 ἐστίν
299 3422 330 3478 F.
386 3427 410 3475 2.
421 3418 596 3495 πολύγωνον]
610 3422 681 3491 (alt.)
695 3419 853 3492 πολύγονον
866 3442 893 3494 p.
950 3431 975 3481 7.
989 3425 1115 3496 πολύγω·

90 3494 164 3563 νον]
173 3493 249 3563 (αλλ.)
261 3487 443 3564 πολυγώνων
453 3513 483 3564 φ.
532 3499 573 3549 10.
587 3489 728 3565 πόρισμα]
737 3510 791 3548 om.
802 3494 894 3562 PBV3
910 3493 959 3552 ια’
969 3497 1024 3567 Fp.
1075 3505 1114 3553 11.
