2348 3818
576 693 615 779 ζ’.

536 858 651 948 Ὅροι.

159 986 203 1053 α’.
227 985 369 1063 Μονάς
400 987 505 1069 ἐστιν,
538 982 617 1050 καθ’
652 980 696 1069 ἣν
728 984 866 1050 ἕκαστον
896 984 963 1050 τάν
997 979 1112 1049 ὅντων

92 1097 128 1159 ἓν
152 1093 289 1176 λέγεται.

56 1225 66 1265 ι
159 1196 203 1282 β’.
224 1193 408 1281 Ἀριθμδς
449 1196 487 1263 δὲ
527 1194 565 1262 τὸ
609 1198 643 1262 ἐκ
689 1194 849 1281 μονάδων
886 1199 1110 1280 συγκείμενον

57 1304 231 1387 σπλῆθος.

159 1406 204 1492 γ’.
229 1407 343 1490 Μέρος
367 1407 456 1474 ἐστὶν
480 1405 627 1492 άριθμδς
650 1404 798 1494 άριθμοῦ
822 1403 840 1475 6
869 1405 1024 1475 ἐλάσσων
1048 1410 1114 1473 τοῦ

96 1517 261 1599 μείζονος,
286 1513 367 1581 ὅταν
389 1518 575 1602 καταμετρῇ
599 1511 659 1580 τὸν
683 1519 826 1598 μείζονα.

162 1620 206 1686 δ’.
231 1621 342 1707 Μέρη
367 1621 419 1704 δέ,
443 1620 525 1687 ὅταν
548 1621 593 1706 μὴ
618 1621 812 1708 καταμετρῇ.

161 1724 199 1792 ε’.
223 1725 530 1804 Πολλαπλάσιος
563 1725 600 1792 δὲ
628 1723 645 1793 6
675 1731 794 1811 μείζων
822 1728 883 1792 τοῦ
913 1723 1117 1809 ἐλάσσονος,

42 1849 74 1896 10
95 1832 177 1899 ὅταν
199 1837 439 1917 καταμετρῆται
462 1829 528 1897 ὑπὸ
552 1835 613 1897 τοῦ
637 1831 826 1909 ἐλάσσονος.

162 1936 203 2007 ς’.
218 1935 373 2022 ’Ἀρτιος
404 1933 576 2024 άριθμός
605 1939 695 2002 ἐστιν
719 1935 737 2004 6
762 1941 838 2022 δίχα
861 1935 1117 2023 διαιρούμενος.

163 2040 198 2121 ζ’.
223 2038 421 2126 Περισσὸς
449 2040 487 2107 δὲ
515 2038 532 2107 6
564 2038 608 2126 μὴ
638 2041 873 2129 διαιρούμενος
903 2045 980 2127 δίχα
1010 2037 1031 2127 ἢ
1065 2038 1116 2126 [6]

94 2145 217 2233 μονάδι
241 2147 411 2230 διαφέρων
435 2143 553 2231 άρτιόν
576 2143 735 2234 ἀριθμοῦ.

50 2293 55 2344 Δ,
162 2251 207 2336 η’.
228 2247 422 2337 Ἀρτιάκις
463 2250 598 2340 άρτιος
639 2253 810 2340 άριιλμός
852 2255 942 2320 ἐστιν
980 2249 999 2320 6
1043 2251 1115 2323 ὑπὸ

45 2374 78 2422 15
98 2354 214 2445 άρτίου
238 2354 387 2444 ἀριθμοῦ
410 2358 634 2445 μετρούμενος
656 2358 739 2426 κατὰ
762 2357 879 2445 άρτιον
904 2356 1067 2445 ἀριθμόν.

160 2461 208 2531 θ’.
229 2461 421 2551 Ἀρτιάκις
450 2463 487 2531 δδ
514 2463 699 2552 περισσός
728 2467 817 2532 ἐστιν
848 2462 866 2532 6
894 2461 960 2531 ὑπὸ
990 2462 1117 2551 άρτίου

96 2567 246 2657 ἀριθμοῦ
270 2569 493 2657 μετρούμενος
515 2568 597 2637 κατὰ
620 2569 780 2657 περισσὸν
804 2567 964 2658 άριθμόν.

165 2765 226 2818 Def.
242 2770 324 2818 3-5:
343 2764 451 2818 Psellus
464 2782 492 2833 p.
509 2770 532 2818 7.
570 2770 652 2818 6-7:
672 2764 826 2818 Martianus
842 2763 957 2833 Capella
970 2763 1026 2818 VH
1050 2771 1114 2821 748.

96 2840 119 2889 8.
139 2833 310 2888 Iambfiohus
333 2832 362 2886 in
381 2833 490 2889 Nicom.
509 2854 536 2904 p.
556 2840 597 2889 ιι.
635 2835 745 2904 Philop.
765 2834 795 2888 in
813 2833 921 2890 αισα.
947 2834 990 2889 ed.
1011 2808 1116 2891 &ocho

97 2909 166 2959 1864
184 2923 211 2974 p.
233 2910 273 2958 16.
312 2910 335 2957 9.
355 2904 524 2959 lamblichus
543 2924 570 2974 p.
590 2911 631 2960 31.

168 3103 191 3151 1.
212 3091 288 3167 ὅροι]
314 3114 366 3152 om.
391 3098 449 3152 PB.
473 3114 603 3153 numeros
628 3115 680 3152 om.
705 3098 783 3155 codd.
873 3104 898 3153 2.
919 3094 978 3154 ἐστι
996 3099 1114 3172 PBFp.

96 3161 278 3237 {6]5‘1310‘1.
353 3174 393 3224 10.
414 3165 560 3231 ἐλάττονος
573 3169 606 3222 V.
682 3175 722 3223 12.
743 3165 845 3239 6]0m.
861 3168 889 3224 P.
965 3174 1007 3223 14.
1024 3190 1114 3242 προσ-

95 3235 303 3294 οιιακονστέον·
323 3236 412 3309 μόνον
430 3239 452 3292 Ρ
470 3257 526 3308 mg.
546 3257 582 3294 m.
603 3247 626 3294 1.
684 3246 725 3294 16.
745 3236 833 3311 ἔστιν]
849 3235 973 3310 ἀριθμός
987 3236 1067 3295 ἐστιν
1082 3242 1114 3310 Ρ,

97 3305 171 3366 ἐστιν
181 3305 304 3380 ἀριθμός
312 3329 339 3380 p.
377 3307 530 3365 κάνταῦθα
544 3308 823 3379 κροσυπακονστέον·
837 3308 926 3380 μόνον
935 3328 991 3380 mg.
1003 3329 1040 3366 m.
1053 3319 1068 3366 1
1081 3314 1113 3368 Ρ.

90 3383 145 3437 tob
160 3378 261 3454 άρτίον
280 3382 375 3438 deleto
393 3382 444 3437 τοῦ
463 3380 497 3435 V.
