<?xml version="1.0" encoding="UTF-8"?>
<!DOCTYPE html PUBLIC "-//W3C//DTD XHTML 1.0 Transitional//EN"
    "http://www.w3.org/TR/xhtml1/DTD/xhtml1-transitional.dtd">
<html xmlns="http://www.w3.org/1999/xhtml" xml:lang="en" lang="en">
 <head>
  <title>
</title>
<meta http-equiv="Content-Type" content="text/html;charset=utf-8" />
  <meta name='ocr-system' content='tesseract 3.04.00' />
  <meta name='ocr-capabilities' content='ocr_page ocr_carea ocr_par ocr_line ocrx_word'/>
</head>
<body>
  <div class='ocr_page' id='page_1' title='image "./euclidisoperaom15unkngoog_0274.png"; bbox 0 0 2348 3818; ppageno 0'>
   <div class='ocr_carea' id='block_1_1' title="bbox 342 128 1097 220">
    <p class='ocr_par' dir='ltr' id='par_1_1' title="bbox 342 128 1097 220">
     <span class='ocr_line' id='line_1_1' title="bbox 342 128 1097 220; baseline 0.007 -16"><span class='ocrx_word' id='word_1_1' title='bbox 342 155 617 207; x_wconf 74' lang='lat' dir='ltr'><strong>nnmnmonon</strong></span> <span class='ocrx_word' id='word_1_2' title='bbox 634 128 744 208; x_wconf 76' lang='lat' dir='ltr'><strong>mmm</strong></span> <span class='ocrx_word' id='word_1_3' title='bbox 761 159 821 210; x_wconf 82' lang='lat' dir='ltr'><strong>vn.</strong></span> <span class='ocrx_word' id='word_1_4' title='bbox 1027 155 1097 220; x_wconf 71' lang='lat'><strong>251</strong></span> 
     </span>
    </p>
   </div>
   <div class='ocr_carea' id='block_1_2' title="bbox 76 297 1094 1234">
    <p class='ocr_par' dir='ltr' id='par_1_2' title="bbox 76 297 1094 1234">
     <span class='ocr_line' id='line_1_2' title="bbox 78 297 1093 386; baseline 0.003 -24"><span class='ocrx_word' id='word_1_5' title='bbox 78 302 185 384; x_wconf 88' lang='lat' dir='ltr'><strong>[prop.</strong></span> <span class='ocrx_word' id='word_1_6' title='bbox 198 297 289 379; x_wconf 90' lang='lat' dir='ltr'><strong>XIX]</strong></span> <span class='ocrx_word' id='word_1_7' title='bbox 314 303 348 362; x_wconf 86' lang='lat' dir='ltr'><em>A</em></span> <span class='ocrx_word' id='word_1_8' title='bbox 363 321 371 361; x_wconf 76' lang='grc' dir='ltr'><strong><em>ε</em></strong></span> <span class='ocrx_word' id='word_1_9' title='bbox 386 303 418 361; x_wconf 91' lang='lat' dir='ltr'><em>A</em></span> <span class='ocrx_word' id='word_1_10' title='bbox 433 327 475 351; x_wconf 90' lang='lat'><em>=</em></span> <span class='ocrx_word' id='word_1_11' title='bbox 490 302 518 362; x_wconf 99' lang='grc' dir='ltr'><strong><em>Β</em></strong></span> <span class='ocrx_word' id='word_1_12' title='bbox 533 320 540 362; x_wconf 92' lang='lat'><strong>:</strong></span> <span class='ocrx_word' id='word_1_13' title='bbox 556 302 595 362; x_wconf 83' lang='grc' dir='ltr'><strong>Β.</strong></span> <span class='ocrx_word' id='word_1_14' title='bbox 630 321 745 364; x_wconf 86' lang='lat' dir='ltr'><strong>uerum</strong></span> <span class='ocrx_word' id='word_1_15' title='bbox 769 305 811 383; x_wconf 88' lang='lat' dir='ltr'><strong>A,</strong></span> <span class='ocrx_word' id='word_1_16' title='bbox 834 305 868 365; x_wconf 89' lang='lat' dir='ltr'><em>A</em></span> <span class='ocrx_word' id='word_1_17' title='bbox 888 301 985 384; x_wconf 89' lang='lat' dir='ltr'><strong>primi</strong></span> <span class='ocrx_word' id='word_1_18' title='bbox 1009 305 1093 386; x_wconf 79' lang='lat' dir='ltr'><strong>sunt,</strong></span> 
     </span>
     <span class='ocr_line' id='line_1_3' title="bbox 77 404 1093 492; baseline 0.003 -23"><span class='ocrx_word' id='word_1_19' title='bbox 77 404 176 488; x_wconf 90' lang='lat' dir='ltr'><strong>primi</strong></span> <span class='ocrx_word' id='word_1_20' title='bbox 204 406 314 469; x_wconf 82' lang='lat' dir='ltr'><strong>autem</strong></span> <span class='ocrx_word' id='word_1_21' title='bbox 338 404 437 469; x_wconf 79' lang='lat' dir='ltr'><strong>etiam</strong></span> <span class='ocrx_word' id='word_1_22' title='bbox 460 404 587 469; x_wconf 89' lang='lat' dir='ltr'><strong>minimi</strong></span> <span class='ocrx_word' id='word_1_23' title='bbox 609 409 685 470; x_wconf 80' lang='lat' dir='ltr'><strong>eunt</strong></span> <span class='ocrx_word' id='word_1_24' title='bbox 709 408 813 492; x_wconf 85' lang='lat' dir='ltr'><strong>[prop.</strong></span> <span class='ocrx_word' id='word_1_25' title='bbox 831 406 924 488; x_wconf 89' lang='lat' dir='ltr'>XXI]</span> <span class='ocrx_word' id='word_1_26' title='bbox 930 457 939 490; x_wconf 93' lang='lat'><em>,</em></span> <span class='ocrx_word' id='word_1_27' title='bbox 967 408 1093 472; x_wconf 89' lang='lat' dir='ltr'><strong>minimi</strong></span> 
     </span>
     <span class='ocr_line' id='line_1_4' title="bbox 79 510 1094 598; baseline 0.002 -22"><span class='ocrx_word' id='word_1_28' title='bbox 79 515 190 576; x_wconf 86' lang='lat' dir='ltr'><strong>autem</strong></span> <span class='ocrx_word' id='word_1_29' title='bbox 217 533 286 596; x_wconf 84' lang='lat' dir='ltr'><strong>eos,</strong></span> <span class='ocrx_word' id='word_1_30' title='bbox 315 511 371 596; x_wconf 91' lang='lat' dir='ltr'><strong>qui</strong></span> <span class='ocrx_word' id='word_1_31' title='bbox 398 510 534 576; x_wconf 81' lang='lat' dir='ltr'><strong>eandem</strong></span> <span class='ocrx_word' id='word_1_32' title='bbox 562 513 723 580; x_wconf 77' lang='lat' dir='ltr'><strong>rationem</strong></span> <span class='ocrx_word' id='word_1_33' title='bbox 750 510 887 598; x_wconf 84' lang='lat' dir='ltr'><strong>habent,</strong></span> <span class='ocrx_word' id='word_1_34' title='bbox 915 514 1094 598; x_wconf 82' lang='lat' dir='ltr'><strong>aequaliter</strong></span> 
     </span>
     <span class='ocr_line' id='line_1_5' title="bbox 77 617 1093 704; baseline 0.003 -22"><span class='ocrx_word' id='word_1_35' title='bbox 77 617 270 701; x_wconf 84' lang='lat' dir='ltr'><strong>metiuntur,</strong></span> <span class='ocrx_word' id='word_1_36' title='bbox 298 617 403 681; x_wconf 84' lang='lat' dir='ltr'><strong>maior</strong></span> <span class='ocrx_word' id='word_1_37' title='bbox 429 617 585 683; x_wconf 83' lang='lat' dir='ltr'><strong>maiorem</strong></span> <span class='ocrx_word' id='word_1_38' title='bbox 613 620 646 682; x_wconf 88' lang='lat' dir='ltr'><strong>et</strong></span> <span class='ocrx_word' id='word_1_39' title='bbox 672 618 780 685; x_wconf 90' lang='lat' dir='ltr'><strong>minor</strong></span> <span class='ocrx_word' id='word_1_40' title='bbox 804 618 962 684; x_wconf 84' lang='lat' dir='ltr'><strong>minorem</strong></span> <span class='ocrx_word' id='word_1_41' title='bbox 987 622 1093 704; x_wconf 71' lang='lat' dir='ltr'><strong>[prop.</strong></span> 
     </span>
     <span class='ocr_line' id='line_1_6' title="bbox 76 722 1093 810; baseline 0.002 -22"><span class='ocrx_word' id='word_1_42' title='bbox 76 722 175 808; x_wconf 77' lang='lat' dir='ltr'>XX]„</span> <span class='ocrx_word' id='word_1_43' title='bbox 199 723 231 789; x_wconf 90' lang='lat' dir='ltr'><strong>h.</strong></span> <span class='ocrx_word' id='word_1_44' title='bbox 261 743 286 787; x_wconf 91' lang='lat' dir='ltr'><strong>e.</strong></span> <span class='ocrx_word' id='word_1_45' title='bbox 314 723 510 806; x_wconf 81' lang='lat' dir='ltr'><strong>praecedens</strong></span> <span class='ocrx_word' id='word_1_46' title='bbox 542 724 787 808; x_wconf 74' lang='lat' dir='ltr'><strong>praecedentem</strong></span> <span class='ocrx_word' id='word_1_47' title='bbox 818 727 851 791; x_wconf 87' lang='lat' dir='ltr'><strong>et</strong></span> <span class='ocrx_word' id='word_1_48' title='bbox 879 746 1014 810; x_wconf 87' lang='lat' dir='ltr'><strong>sequens</strong></span> <span class='ocrx_word' id='word_1_49' title='bbox 1043 747 1093 791; x_wconf 84' lang='lat' dir='ltr'><strong>se-</strong></span> 
     </span>
     <span class='ocr_line' id='line_1_7' title="bbox 77 829 1093 915; baseline 0.003 -22"><span class='ocrx_word' id='word_1_50' title='bbox 77 832 240 915; x_wconf 89' lang='lat' dir='ltr'><strong>quentem.</strong></span> <span class='ocrx_word' id='word_1_51' title='bbox 272 829 382 913; x_wconf 82' lang='lat' dir='ltr'><strong>itaque</strong></span> <span class='ocrx_word' id='word_1_52' title='bbox 402 834 435 893; x_wconf 83' lang='lat' dir='ltr'><em>A</em></span> <span class='ocrx_word' id='word_1_53' title='bbox 458 849 628 893; x_wconf 85' lang='lat' dir='ltr'><strong>numerum</strong></span> <span class='ocrx_word' id='word_1_54' title='bbox 646 834 675 894; x_wconf 94' lang='grc' dir='ltr'><strong><em>Β</em></strong></span> <span class='ocrx_word' id='word_1_55' title='bbox 698 831 841 895; x_wconf 85' lang='lat' dir='ltr'><strong>metitur.</strong></span> <span class='ocrx_word' id='word_1_56' title='bbox 874 831 1023 896; x_wconf 83' lang='lat' dir='ltr'><strong>similiter</strong></span> <span class='ocrx_word' id='word_1_57' title='bbox 1041 832 1093 896; x_wconf 90' lang='lat' dir='ltr'><strong>de·</strong></span> 
     </span>
     <span class='ocr_line' id='line_1_8' title="bbox 77 935 1092 1020; baseline 0.002 -20"><span class='ocrx_word' id='word_1_58' title='bbox 77 935 346 1020; x_wconf 71' lang='lat' dir='ltr'><strong>monstrabimuS‚</strong></span> <span class='ocrx_word' id='word_1_59' title='bbox 372 939 407 999; x_wconf 83' lang='lat' dir='ltr'><em>A</em></span> <span class='ocrx_word' id='word_1_60' title='bbox 430 956 615 1014; x_wconf 89' lang='lat' dir='ltr'><strong>nnmerum,</strong></span> <span class='ocrx_word' id='word_1_61' title='bbox 639 936 667 1000; x_wconf 84' lang='lat' dir='ltr'><strong>si</strong></span> <span class='ocrx_word' id='word_1_62' title='bbox 690 941 718 1000; x_wconf 94' lang='grc' dir='ltr'><strong>Β</strong></span> <span class='ocrx_word' id='word_1_63' title='bbox 742 958 913 1001; x_wconf 87' lang='lat' dir='ltr'><strong>numerum</strong></span> <span class='ocrx_word' id='word_1_64' title='bbox 934 959 1002 1002; x_wconf 90' lang='lat' dir='ltr'><strong>non</strong></span> <span class='ocrx_word' id='word_1_65' title='bbox 1025 959 1092 1002; x_wconf 86' lang='lat' dir='ltr'><strong>me-</strong></span> 
     </span>
     <span class='ocr_line' id='line_1_9' title="bbox 76 1042 1093 1126; baseline -0.003 -17"><span class='ocrx_word' id='word_1_66' title='bbox 76 1045 192 1122; x_wconf 83' lang='lat' dir='ltr'><strong>tiatur,</strong></span> <span class='ocrx_word' id='word_1_67' title='bbox 223 1063 393 1107; x_wconf 89' lang='lat' dir='ltr'><strong>numerum</strong></span> <span class='ocrx_word' id='word_1_68' title='bbox 421 1048 454 1106; x_wconf 91' lang='lat' dir='ltr'><em>A</em></span> <span class='ocrx_word' id='word_1_69' title='bbox 480 1042 597 1106; x_wconf 83' lang='lat' dir='ltr'><strong>metiri.</strong></span> <span class='ocrx_word' id='word_1_70' title='bbox 642 1063 721 1126; x_wconf 85' lang='lat' dir='ltr'><strong>ergo</strong></span> <span class='ocrx_word' id='word_1_71' title='bbox 749 1052 782 1107; x_wconf 85' lang='grc' dir='ltr'><em>Δ</em></span> <span class='ocrx_word' id='word_1_72' title='bbox 812 1044 1006 1111; x_wconf 83' lang='lat' dir='ltr'><strong>alterutrum</strong></span> <span class='ocrx_word' id='word_1_73' title='bbox 1033 1065 1093 1107; x_wconf 89' lang='lat' dir='ltr'><strong>nn·</strong></span> 
     </span>
     <span class='ocr_line' id='line_1_10' title="bbox 78 1148 1049 1234; baseline -0.001 -20"><span class='ocrx_word' id='word_1_74' title='bbox 78 1171 242 1214; x_wconf 86' lang='lat' dir='ltr'><strong>merorum</strong></span> <span class='ocrx_word' id='word_1_75' title='bbox 265 1154 306 1228; x_wconf 89' lang='lat' dir='ltr'><strong>A,</strong></span> <span class='ocrx_word' id='word_1_76' title='bbox 329 1153 358 1212; x_wconf 94' lang='grc' dir='ltr'><strong><em>Β</em></strong></span> <span class='ocrx_word' id='word_1_77' title='bbox 381 1149 526 1232; x_wconf 61' lang='lat' dir='ltr'><strong>metitum</strong></span> <span class='ocrx_word' id='word_1_78' title='bbox 549 1148 635 1234; x_wconf 86' lang='lat' dir='ltr'><strong>quod</strong></span> <span class='ocrx_word' id='word_1_79' title='bbox 660 1153 730 1214; x_wconf 80' lang='lat' dir='ltr'><strong>eret</strong></span> <span class='ocrx_word' id='word_1_80' title='bbox 753 1149 1049 1215; x_wconf 80' lang='lat' dir='ltr'><strong>demonstrandum.</strong></span> 
     </span>
    </p>
   </div>
   <div class='ocr_carea' id='block_1_3' title="bbox 526 1323 643 1390">
    <p class='ocr_par' dir='ltr' id='par_1_3' title="bbox 526 1323 643 1390">
     <span class='ocr_line' id='line_1_11' title="bbox 526 1323 643 1390; baseline -0.009 0"><span class='ocrx_word' id='word_1_81' title='bbox 526 1323 643 1390; x_wconf 87' lang='lat' dir='ltr'>XXXI.</span> 
     </span>
    </p>
   </div>
   <div class='ocr_carea' id='block_1_4' title="bbox 76 1431 1131 2683">
    <p class='ocr_par' dir='ltr' id='par_1_4' title="bbox 80 1431 1131 1609">
     <span class='ocr_line' id='line_1_12' title="bbox 147 1431 1131 1523; baseline -0.001 -25"><span class='ocrx_word' id='word_1_82' title='bbox 147 1433 300 1510; x_wconf 82' lang='lat' dir='ltr'><strong>Quemuis</strong></span> <span class='ocrx_word' id='word_1_83' title='bbox 324 1452 495 1496; x_wconf 84' lang='lat' dir='ltr'><strong>numerum</strong></span> <span class='ocrx_word' id='word_1_84' title='bbox 518 1431 733 1517; x_wconf 76' lang='lat' dir='ltr'><strong>compositum</strong></span> <span class='ocrx_word' id='word_1_85' title='bbox 753 1431 876 1517; x_wconf 83' lang='lat' dir='ltr'><strong>primns</strong></span> <span class='ocrx_word' id='word_1_86' title='bbox 896 1431 1014 1517; x_wconf 82' lang='lat' dir='ltr'><strong>aliquis</strong></span> <span class='ocrx_word' id='word_1_87' title='bbox 1033 1455 1092 1497; x_wconf 88' lang='lat' dir='ltr'><strong>nu·</strong></span> <span class='ocrx_word' id='word_1_88' title='bbox 1124 1511 1131 1523; x_wconf 37' lang='grc'><strong><em>,</em></strong></span> 
     </span>
     <span class='ocr_line' id='line_1_13' title="bbox 80 1540 361 1609; baseline 0.018 -5"><span class='ocrx_word' id='word_1_89' title='bbox 80 1561 188 1605; x_wconf 82' lang='lat' dir='ltr'><strong>merus</strong></span> <span class='ocrx_word' id='word_1_90' title='bbox 210 1540 361 1609; x_wconf 84' lang='lat' dir='ltr'><strong>metitur..</strong></span> 
     </span>
    </p>

    <p class='ocr_par' dir='ltr' id='par_1_5' title="bbox 79 1643 1093 1816">
     <span class='ocr_line' id='line_1_14' title="bbox 149 1643 1093 1729; baseline 0 -20"><span class='ocrx_word' id='word_1_91' title='bbox 149 1643 197 1711; x_wconf 81' lang='lat' dir='ltr'><strong>Sit</strong></span> <span class='ocrx_word' id='word_1_92' title='bbox 218 1665 372 1709; x_wconf 76' lang='lat' dir='ltr'><strong>numerus</strong></span> <span class='ocrx_word' id='word_1_93' title='bbox 396 1643 595 1728; x_wconf 84' lang='lat' dir='ltr'><strong>oompositus</strong></span> <span class='ocrx_word' id='word_1_94' title='bbox 609 1648 649 1706; x_wconf 89' lang='lat' dir='ltr'><strong>A.</strong></span> <span class='ocrx_word' id='word_1_95' title='bbox 682 1643 763 1727; x_wconf 84' lang='lat' dir='ltr'><strong>dico,</strong></span> <span class='ocrx_word' id='word_1_96' title='bbox 785 1643 927 1728; x_wconf 87' lang='lat' dir='ltr'><strong>primum</strong></span> <span class='ocrx_word' id='word_1_97' title='bbox 950 1645 1093 1729; x_wconf 73' lang='lat' dir='ltr'><strong>aliquem</strong></span> 
     </span>
     <span class='ocr_line' id='line_1_15' title="bbox 79 1748 638 1816; baseline -0.007 -1"><span class='ocrx_word' id='word_1_98' title='bbox 79 1772 250 1816; x_wconf 87' lang='lat' dir='ltr'><strong>numerum</strong></span> <span class='ocrx_word' id='word_1_99' title='bbox 272 1771 443 1814; x_wconf 86' lang='lat' dir='ltr'><strong>numerum</strong></span> <span class='ocrx_word' id='word_1_100' title='bbox 466 1756 499 1812; x_wconf 92' lang='lat' dir='ltr'><em>A</em></span> <span class='ocrx_word' id='word_1_101' title='bbox 520 1748 638 1812; x_wconf 87' lang='lat' dir='ltr'><strong>metiri.</strong></span> 
     </span>
    </p>

    <p class='ocr_par' dir='ltr' id='par_1_6' title="bbox 76 1854 1095 2683">
     <span class='ocr_line' id='line_1_16' title="bbox 445 1854 1092 1939; baseline 0.003 -21"><span class='ocrx_word' id='word_1_102' title='bbox 445 1876 522 1919; x_wconf 84' lang='lat' dir='ltr'><strong>nam</strong></span> <span class='ocrx_word' id='word_1_103' title='bbox 537 1854 691 1939; x_wconf 82' lang='lat' dir='ltr'><strong>qnoniam</strong></span> <span class='ocrx_word' id='word_1_104' title='bbox 702 1860 734 1918; x_wconf 96' lang='lat' dir='ltr'><em>A</em></span> <span class='ocrx_word' id='word_1_105' title='bbox 748 1854 947 1938; x_wconf 78' lang='lat' dir='ltr'><strong>compositus</strong></span> <span class='ocrx_word' id='word_1_106' title='bbox 962 1857 1021 1938; x_wconf 83' lang='lat' dir='ltr'><strong>est,</strong></span> <span class='ocrx_word' id='word_1_107' title='bbox 1034 1876 1092 1920; x_wconf 92' lang='lat' dir='ltr'><strong>nu·</strong></span> 
     </span>
     <span class='ocr_line' id='line_1_17' title="bbox 401 1959 1093 2044; baseline -0.001 -19"><span class='ocrx_word' id='word_1_108' title='bbox 401 1982 508 2026; x_wconf 81' lang='lat' dir='ltr'><strong>merus</strong></span> <span class='ocrx_word' id='word_1_109' title='bbox 523 1959 641 2044; x_wconf 83' lang='lat' dir='ltr'><strong>aliquis</strong></span> <span class='ocrx_word' id='word_1_110' title='bbox 656 1981 730 2024; x_wconf 87' lang='lat' dir='ltr'><strong>eum</strong></span> <span class='ocrx_word' id='word_1_111' title='bbox 747 1960 907 2026; x_wconf 83' lang='lat' dir='ltr'><strong>metietur.</strong></span> <span class='ocrx_word' id='word_1_112' title='bbox 938 1961 1093 2025; x_wconf 85' lang='lat' dir='ltr'><strong>metiatur</strong></span> 
     </span>
     <span class='ocr_line' id='line_1_18' title="bbox 401 2066 1093 2153; baseline 0 -23"><span class='ocrx_word' id='word_1_113' title='bbox 401 2070 434 2130; x_wconf 89' lang='lat' dir='ltr'><strong>et</strong></span> <span class='ocrx_word' id='word_1_114' title='bbox 445 2067 493 2153; x_wconf 79' lang='lat' dir='ltr'><strong>¹eit</strong></span> <span class='ocrx_word' id='word_1_115' title='bbox 502 2071 540 2132; x_wconf 91' lang='grc' dir='ltr'><strong>Β.</strong></span> <span class='ocrx_word' id='word_1_116' title='bbox 564 2068 597 2130; x_wconf 85' lang='lat' dir='ltr'><strong>et</strong></span> <span class='ocrx_word' id='word_1_117' title='bbox 607 2066 672 2131; x_wconf 81' lang='lat' dir='ltr'><strong>sin</strong></span> <span class='ocrx_word' id='word_1_118' title='bbox 686 2067 810 2151; x_wconf 82' lang='lat' dir='ltr'><strong>primus</strong></span> <span class='ocrx_word' id='word_1_119' title='bbox 820 2069 879 2150; x_wconf 87' lang='lat' dir='ltr'><strong>est,</strong></span> <span class='ocrx_word' id='word_1_120' title='bbox 892 2067 1016 2131; x_wconf 82' lang='lat' dir='ltr'><strong>factum</strong></span> <span class='ocrx_word' id='word_1_121' title='bbox 1031 2066 1093 2131; x_wconf 90' lang='lat' dir='ltr'><strong>erit</strong></span> 
     </span>
     <span class='ocr_line' id='line_1_19' title="bbox 401 2170 1094 2258; baseline 0.003 -21"><span class='ocrx_word' id='word_1_122' title='bbox 401 2173 443 2256; x_wconf 88' lang='lat' dir='ltr'><strong>id,</strong></span> <span class='ocrx_word' id='word_1_123' title='bbox 467 2173 553 2257; x_wconf 91' lang='lat' dir='ltr'><strong>quod</strong></span> <span class='ocrx_word' id='word_1_124' title='bbox 575 2172 656 2237; x_wconf 83' lang='lat' dir='ltr'><strong>iussi</strong></span> <span class='ocrx_word' id='word_1_125' title='bbox 677 2170 825 2257; x_wconf 59' lang='lat' dir='ltr'><strong>summff)</strong></span> <span class='ocrx_word' id='word_1_126' title='bbox 863 2173 913 2238; x_wconf 86' lang='lat' dir='ltr'><strong>sin</strong></span> <span class='ocrx_word' id='word_1_127' title='bbox 933 2173 1094 2258; x_wconf 85' lang='lat' dir='ltr'><strong>composi-</strong></span> 
     </span>
     <span class='ocr_line' id='line_1_20' title="bbox 78 2278 1093 2365; baseline -0.004 -17"><span class='ocrx_word' id='word_1_128' title='bbox 78 2287 133 2348; x_wconf 84' lang='lat' dir='ltr'><strong>tus</strong></span> <span class='ocrx_word' id='word_1_129' title='bbox 148 2284 207 2365; x_wconf 85' lang='lat' dir='ltr'><strong>est,</strong></span> <span class='ocrx_word' id='word_1_130' title='bbox 220 2301 373 2347; x_wconf 86' lang='lat' dir='ltr'><strong>numerus</strong></span> <span class='ocrx_word' id='word_1_131' title='bbox 388 2278 505 2363; x_wconf 80' lang='lat' dir='ltr'><strong>aliquis</strong></span> <span class='ocrx_word' id='word_1_132' title='bbox 521 2299 594 2342; x_wconf 84' lang='lat' dir='ltr'><strong>eum</strong></span> <span class='ocrx_word' id='word_1_133' title='bbox 607 2279 769 2344; x_wconf 87' lang='lat' dir='ltr'><strong>metietur.</strong></span> <span class='ocrx_word' id='word_1_134' title='bbox 793 2280 947 2345; x_wconf 82' lang='lat' dir='ltr'><strong>metiatur</strong></span> <span class='ocrx_word' id='word_1_135' title='bbox 961 2284 994 2345; x_wconf 86' lang='lat' dir='ltr'><strong>et</strong></span> <span class='ocrx_word' id='word_1_136' title='bbox 1004 2281 1047 2344; x_wconf 84' lang='lat' dir='ltr'><strong>sit</strong></span> <span class='ocrx_word' id='word_1_137' title='bbox 1056 2283 1093 2344; x_wconf 92' lang='grc' dir='ltr'><strong>Γ.</strong></span> 
     </span>
     <span class='ocr_line' id='line_1_21' title="bbox 79 2386 1095 2473; baseline -0.004 -20"><span class='ocrx_word' id='word_1_138' title='bbox 79 2392 113 2454; x_wconf 92' lang='lat' dir='ltr'><strong>et</strong></span> <span class='ocrx_word' id='word_1_139' title='bbox 136 2388 290 2473; x_wconf 80' lang='lat' dir='ltr'><strong>quoniam</strong></span> <span class='ocrx_word' id='word_1_140' title='bbox 313 2389 345 2450; x_wconf 91' lang='grc' dir='ltr'><strong><em>Γ</em></strong></span> <span class='ocrx_word' id='word_1_141' title='bbox 363 2406 532 2451; x_wconf 85' lang='lat' dir='ltr'><strong>numerum</strong></span> <span class='ocrx_word' id='word_1_142' title='bbox 554 2389 583 2449; x_wconf 94' lang='grc' dir='ltr'><strong><em>Β</em></strong></span> <span class='ocrx_word' id='word_1_143' title='bbox 606 2386 748 2471; x_wconf 83' lang='lat' dir='ltr'><strong>metitur,</strong></span> <span class='ocrx_word' id='word_1_144' title='bbox 771 2390 804 2451; x_wconf 90' lang='lat' dir='ltr'><strong>et</strong></span> <span class='ocrx_word' id='word_1_145' title='bbox 825 2392 855 2452; x_wconf 91' lang='lat' dir='ltr'><em>B</em></span> <span class='ocrx_word' id='word_1_146' title='bbox 873 2409 1042 2452; x_wconf 85' lang='lat' dir='ltr'><strong>numerum</strong></span> <span class='ocrx_word' id='word_1_147' title='bbox 1062 2393 1095 2449; x_wconf 92' lang='lat' dir='ltr'><em>A</em></span> 
     </span>
     <span class='ocr_line' id='line_1_22' title="bbox 79 2492 1093 2577; baseline 0 -18"><span class='ocrx_word' id='word_1_148' title='bbox 79 2495 224 2577; x_wconf 86' lang='lat' dir='ltr'><strong>metitur,</strong></span> <span class='ocrx_word' id='word_1_149' title='bbox 243 2493 341 2557; x_wconf 85' lang='lat' dir='ltr'><strong>etiam</strong></span> <span class='ocrx_word' id='word_1_150' title='bbox 361 2496 393 2556; x_wconf 93' lang='grc' dir='ltr'><strong><em>Γ</em></strong></span> <span class='ocrx_word' id='word_1_151' title='bbox 405 2513 577 2556; x_wconf 87' lang='lat' dir='ltr'><strong>numerum</strong></span> <span class='ocrx_word' id='word_1_152' title='bbox 596 2497 628 2555; x_wconf 96' lang='lat' dir='ltr'><em>A</em></span> <span class='ocrx_word' id='word_1_153' title='bbox 646 2492 788 2557; x_wconf 86' lang='lat' dir='ltr'><strong>metitur.</strong></span> <span class='ocrx_word' id='word_1_154' title='bbox 825 2497 858 2558; x_wconf 86' lang='lat' dir='ltr'><strong>et</strong></span> <span class='ocrx_word' id='word_1_155' title='bbox 873 2494 902 2558; x_wconf 84' lang='lat' dir='ltr'><strong>si</strong></span> <span class='ocrx_word' id='word_1_156' title='bbox 918 2497 951 2558; x_wconf 91' lang='grc' dir='ltr'><strong>Γ</strong></span> <span class='ocrx_word' id='word_1_157' title='bbox 969 2495 1093 2577; x_wconf 84' lang='lat' dir='ltr'><strong>primus</strong></span> 
     </span>
     <span class='ocr_line' id='line_1_23' title="bbox 76 2597 1095 2683; baseline -0.003 -17"><span class='ocrx_word' id='word_1_158' title='bbox 76 2605 145 2683; x_wconf 81' lang='lat' dir='ltr'><strong>est,</strong></span> <span class='ocrx_word' id='word_1_159' title='bbox 174 2600 297 2665; x_wconf 80' lang='lat' dir='ltr'><strong>foetum</strong></span> <span class='ocrx_word' id='word_1_160' title='bbox 323 2597 400 2681; x_wconf 78' lang='lat' dir='ltr'><strong>erit,</strong></span> <span class='ocrx_word' id='word_1_161' title='bbox 432 2597 517 2681; x_wconf 86' lang='lat' dir='ltr'><strong>quod</strong></span> <span class='ocrx_word' id='word_1_162' title='bbox 544 2597 625 2662; x_wconf 83' lang='lat' dir='ltr'><strong>iussi</strong></span> <span class='ocrx_word' id='word_1_163' title='bbox 652 2620 776 2682; x_wconf 83' lang='lat' dir='ltr'><strong>sumus3</strong></span> <span class='ocrx_word' id='word_1_164' title='bbox 809 2598 860 2663; x_wconf 85' lang='lat' dir='ltr'><strong>sin</strong></span> <span class='ocrx_word' id='word_1_165' title='bbox 887 2599 1095 2682; x_wconf 84' lang='lat' dir='ltr'><strong>compositus,</strong></span> 
     </span>
    </p>
   </div>
   <div class='ocr_carea' id='block_1_5' title="bbox 86 1928 342 2195">
    <p class='ocr_par' dir='ltr' id='par_1_7' title="bbox 86 1928 342 2195">
     <span class='ocr_line' id='line_1_24' title="bbox 86 1928 342 1978; baseline -0.008 0"><span class='ocrx_word' id='word_1_166' title='bbox 86 1928 342 1978; x_wconf 74' lang='lat' dir='ltr'><em>1———-¹A</em></span> 
     </span>
     <span class='ocr_line' id='line_1_25' title="bbox 86 2033 235 2086; baseline -0.027 0"><span class='ocrx_word' id='word_1_167' title='bbox 86 2033 235 2086; x_wconf 87' lang='grc' dir='ltr'><strong><em>ι--ιΒ</em></strong></span> 
     </span>
     <span class='ocr_line' id='line_1_26' title="bbox 87 2141 190 2195; baseline -0.039 0"><span class='ocrx_word' id='word_1_168' title='bbox 87 2154 151 2195; x_wconf 75' lang='grc' dir='ltr'><strong>ι-ι</strong></span> <span class='ocrx_word' id='word_1_169' title='bbox 164 2141 190 2191; x_wconf 86' lang='grc' dir='ltr'><em>Γ</em></span> 
     </span>
    </p>
   </div>
   <div class='ocr_carea' id='block_1_6' title="bbox 81 2718 1095 2968">
    <p class='ocr_par' dir='ltr' id='par_1_8' title="bbox 81 2718 1095 2968">
     <span class='ocr_line' id='line_1_27' title="bbox 156 2718 1093 2826; baseline 0.003 -17"><span class='ocrx_word' id='word_1_170' title='bbox 156 2757 182 2826; x_wconf 88' lang='grc'><strong>1)</strong></span> <span class='ocrx_word' id='word_1_171' title='bbox 202 2755 245 2812; x_wconf 78' lang='lat' dir='ltr'><strong>So.</strong></span> <span class='ocrx_word' id='word_1_172' title='bbox 263 2754 386 2824; x_wconf 82' lang='lat' dir='ltr'><strong>primum</strong></span> <span class='ocrx_word' id='word_1_173' title='bbox 404 2718 558 2808; x_wconf 14' lang='lat' dir='ltr'><strong>numerum*</strong></span> <span class='ocrx_word' id='word_1_174' title='bbox 569 2767 716 2806; x_wconf 83' lang='lat' dir='ltr'><strong>numerum</strong></span> <span class='ocrx_word' id='word_1_175' title='bbox 735 2757 757 2806; x_wconf 86' lang='lat' dir='ltr'><em>A</em></span> <span class='ocrx_word' id='word_1_176' title='bbox 775 2752 938 2808; x_wconf 71' lang='lat' dir='ltr'><strong>metientem</strong></span> <span class='ocrx_word' id='word_1_177' title='bbox 958 2754 1093 2812; x_wconf 83' lang='lat' dir='ltr'><strong>inuenire.</strong></span> 
     </span>
     <span class='ocr_line' id='line_1_28' title="bbox 84 2822 1095 2896; baseline 0.005 -17"><span class='ocrx_word' id='word_1_178' title='bbox 84 2841 252 2895; x_wconf 72' lang='lat' dir='ltr'><strong>quemqnam</strong></span> <span class='ocrx_word' id='word_1_179' title='bbox 275 2827 346 2880; x_wconf 80' lang='lat' dir='ltr'><strong>haee</strong></span> <span class='ocrx_word' id='word_1_180' title='bbox 363 2822 486 2879; x_wconf 75' lang='lat' dir='ltr'><strong>formula</strong></span> <span class='ocrx_word' id='word_1_181' title='bbox 503 2823 532 2877; x_wconf 90' lang='lat' dir='ltr'><strong>in</strong></span> <span class='ocrx_word' id='word_1_182' title='bbox 554 2823 733 2893; x_wconf 71' lang='lat' dir='ltr'><strong>problemate</strong></span> <span class='ocrx_word' id='word_1_183' title='bbox 749 2823 841 2894; x_wconf 75' lang='lat' dir='ltr'><strong>magis</strong></span> <span class='ocrx_word' id='word_1_184' title='bbox 859 2824 948 2894; x_wconf 80' lang='lat' dir='ltr'><strong>cadit,</strong></span> <span class='ocrx_word' id='word_1_185' title='bbox 971 2826 1001 2881; x_wconf 88' lang='lat' dir='ltr'><strong>id</strong></span> <span class='ocrx_word' id='word_1_186' title='bbox 1020 2828 1095 2896; x_wconf 86' lang='lat' dir='ltr'><strong>quod</strong></span> 
     </span>
     <span class='ocr_line' id='line_1_29' title="bbox 81 2895 613 2968; baseline -0.009 -15"><span class='ocrx_word' id='word_1_187' title='bbox 81 2896 173 2968; x_wconf 73' lang='lat' dir='ltr'><strong>magis</strong></span> <span class='ocrx_word' id='word_1_188' title='bbox 191 2897 278 2953; x_wconf 78' lang='lat' dir='ltr'><strong>etiem</strong></span> <span class='ocrx_word' id='word_1_189' title='bbox 296 2897 376 2966; x_wconf 85' lang='lat' dir='ltr'><strong>dep.</strong></span> <span class='ocrx_word' id='word_1_190' title='bbox 395 2900 457 2963; x_wconf 70' lang='lat'><strong>2152,</strong></span> <span class='ocrx_word' id='word_1_191' title='bbox 477 2900 510 2948; x_wconf 81' lang='lat'><strong>12</strong></span> <span class='ocrx_word' id='word_1_192' title='bbox 528 2895 613 2949; x_wconf 74' lang='lat' dir='ltr'><strong>ualet</strong></span> 
     </span>
    </p>
   </div>
   <div class='ocr_carea' id='block_1_7' title="bbox 82 3047 1108 3553">
    <p class='ocr_par' dir='ltr' id='par_1_9' title="bbox 82 3047 1108 3553">
     <span class='ocr_line' id='line_1_30' title="bbox 82 3047 1096 3184; baseline 0.004 -4"><span class='ocrx_word' id='word_1_193' title='bbox 82 3073 202 3182; x_wconf 64' lang='lat' dir='ltr'><strong>⁰¹²⁰2&#39;2pi</strong></span> <span class='ocrx_word' id='word_1_194' title='bbox 220 3129 248 3182; x_wconf 70' lang='lat' dir='ltr'><strong>e</strong></span> <span class='ocrx_word' id='word_1_195' title='bbox 274 3047 493 3180; x_wconf 47' lang='grc' dir='ltr'><strong>Ῡῖεὸῇλῗεεᾶν</strong></span> <span class='ocrx_word' id='word_1_196' title='bbox 516 3049 816 3180; x_wconf 45' lang='grc' dir='ltr'><strong>ῗῖηεῖὁειζηωύῗεῖω</strong></span> <span class='ocrx_word' id='word_1_197' title='bbox 839 3055 937 3181; x_wconf 58' lang='lat' dir='ltr'><strong>T‘hiin</strong></span> <span class='ocrx_word' id='word_1_198' title='bbox 959 3057 1096 3184; x_wconf 44' lang='lat' dir='ltr'><strong>“XXX</strong></span> 
     </span>
     <span class='ocr_line' id='line_1_31' title="bbox 83 3143 1095 3267; baseline 0.003 -16"><span class='ocrx_word' id='word_1_199' title='bbox 83 3192 99 3251; x_wconf 74' lang='grc' dir='ltr'><strong><em>ε</em></strong></span> <span class='ocrx_word' id='word_1_200' title='bbox 121 3145 220 3254; x_wconf 58' lang='lat' dir='ltr'><strong>roi</strong></span> <span class='ocrx_word' id='word_1_201' title='bbox 243 3145 390 3265; x_wconf 51' lang='lat' dir='ltr'><strong>finiti</strong></span> <span class='ocrx_word' id='word_1_202' title='bbox 410 3191 425 3251; x_wconf 70' lang='grc' dir='ltr'>ὁ</span> <span class='ocrx_word' id='word_1_203' title='bbox 449 3143 524 3250; x_wconf 66' lang='lat' dir='ltr'><strong>ni}</strong></span> <span class='ocrx_word' id='word_1_204' title='bbox 541 3143 759 3266; x_wconf 50' lang='grc' dir='ltr'><strong>ῗεερίῖετῖἶε,</strong></span> <span class='ocrx_word' id='word_1_205' title='bbox 782 3143 835 3251; x_wconf 62' lang='lat' dir='ltr'><strong>iti</strong></span> <span class='ocrx_word' id='word_1_206' title='bbox 850 3145 870 3252; x_wconf 74' lang='grc' dir='ltr'><em>ἕ</em></span> <span class='ocrx_word' id='word_1_207' title='bbox 886 3149 1095 3267; x_wconf 59' lang='grc' dir='ltr'><strong>Γέρῖατεῗῗε</strong></span> 
     </span>
     <span class='ocr_line' id='line_1_32' title="bbox 83 3262 1095 3340; baseline 0.003 -17"><span class='ocrx_word' id='word_1_208' title='bbox 83 3275 188 3338; x_wconf 84' lang='grc' dir='ltr'><strong><em>μετρεῖ.</em></strong></span> <span class='ocrx_word' id='word_1_209' title='bbox 261 3274 304 3324; x_wconf 80' lang='lat'><strong>23.</strong></span> <span class='ocrx_word' id='word_1_210' title='bbox 323 3264 377 3339; x_wconf 75' lang='grc' dir='ltr'><strong>δή]</strong></span> <span class='ocrx_word' id='word_1_211' title='bbox 397 3283 466 3323; x_wconf 82' lang='lat' dir='ltr'><strong>corr.</strong></span> <span class='ocrx_word' id='word_1_212' title='bbox 486 3281 520 3320; x_wconf 83' lang='lat' dir='ltr'><strong>ex</strong></span> <span class='ocrx_word' id='word_1_213' title='bbox 538 3265 570 3320; x_wconf 80' lang='grc' dir='ltr'><strong>δέ</strong></span> <span class='ocrx_word' id='word_1_214' title='bbox 589 3265 624 3334; x_wconf 81' lang='lat' dir='ltr'><strong>V,</strong></span> <span class='ocrx_word' id='word_1_215' title='bbox 643 3263 677 3321; x_wconf 80' lang='grc' dir='ltr'><strong>δέ</strong></span> <span class='ocrx_word' id='word_1_216' title='bbox 694 3285 749 3336; x_wconf 77' lang='grc' dir='ltr'><strong>ρῳ.</strong></span> <span class='ocrx_word' id='word_1_217' title='bbox 823 3274 864 3323; x_wconf 81' lang='lat'><strong>24.</strong></span> <span class='ocrx_word' id='word_1_218' title='bbox 884 3262 935 3340; x_wconf 81' lang='grc' dir='ltr'><strong>ὅς]</strong></span> <span class='ocrx_word' id='word_1_219' title='bbox 957 3286 1040 3340; x_wconf 78' lang='lat' dir='ltr'>supra</span> <span class='ocrx_word' id='word_1_220' title='bbox 1058 3289 1095 3326; x_wconf 90' lang='lat' dir='ltr'><strong>m.</strong></span> 
     </span>
     <span class='ocr_line' id='line_1_33' title="bbox 82 3333 1096 3410; baseline 0 -15"><span class='ocrx_word' id='word_1_221' title='bbox 82 3347 98 3395; x_wconf 82' lang='lat'>2</span> <span class='ocrx_word' id='word_1_222' title='bbox 117 3339 148 3394; x_wconf 93' lang='lat' dir='ltr'><strong>P.</strong></span> <span class='ocrx_word' id='word_1_223' title='bbox 185 3339 255 3395; x_wconf 82' lang='lat' dir='ltr'><strong>Post</strong></span> <span class='ocrx_word' id='word_1_224' title='bbox 277 3333 409 3409; x_wconf 75' lang='grc' dir='ltr'><strong>μετρήσει</strong></span> <span class='ocrx_word' id='word_1_225' title='bbox 427 3338 491 3393; x_wconf 80' lang='lat' dir='ltr'><strong>odd.</strong></span> <span class='ocrx_word' id='word_1_226' title='bbox 515 3336 611 3391; x_wconf 86' lang='lat' dir='ltr'><strong>Theon</strong></span> <span class='ocrx_word' id='word_1_227' title='bbox 634 3333 686 3391; x_wconf 80' lang='grc' dir='ltr'><strong>τὸν</strong></span> <span class='ocrx_word' id='word_1_228' title='bbox 703 3334 758 3407; x_wconf 80' lang='grc' dir='ltr'><strong>πρὸ</strong></span> <span class='ocrx_word' id='word_1_229' title='bbox 782 3333 900 3406; x_wconf 76' lang='grc' dir='ltr'><strong><em>ἑαυτοῦ,</em></strong></span> <span class='ocrx_word' id='word_1_230' title='bbox 924 3341 990 3410; x_wconf 86' lang='lat' dir='ltr'><strong>(huo</strong></span> <span class='ocrx_word' id='word_1_231' title='bbox 1008 3357 1096 3408; x_wconf 78' lang='lat' dir='ltr'><strong>nsque</strong></span> 
     </span>
     <span class='ocr_line' id='line_1_34' title="bbox 82 3402 1108 3481; baseline -0.003 -16"><span class='ocrx_word' id='word_1_232' title='bbox 82 3411 170 3466; x_wconf 77' lang='lat' dir='ltr'><strong>etiam</strong></span> <span class='ocrx_word' id='word_1_233' title='bbox 192 3410 215 3464; x_wconf 95' lang='lat' dir='ltr'>P</span> <span class='ocrx_word' id='word_1_234' title='bbox 233 3428 291 3481; x_wconf 79' lang='lat' dir='ltr'><strong>mg.</strong></span> <span class='ocrx_word' id='word_1_235' title='bbox 314 3428 351 3464; x_wconf 91' lang='lat' dir='ltr'><strong>m.</strong></span> <span class='ocrx_word' id='word_1_236' title='bbox 374 3411 440 3480; x_wconf 85' lang='lat' dir='ltr'><strong>reo.)</strong></span> <span class='ocrx_word' id='word_1_237' title='bbox 465 3402 498 3470; x_wconf 82' lang='grc' dir='ltr'><strong>ὃς</strong></span> <span class='ocrx_word' id='word_1_238' title='bbox 515 3407 564 3462; x_wconf 76' lang='grc' dir='ltr'><strong>καὶ</strong></span> <span class='ocrx_word' id='word_1_239' title='bbox 581 3404 632 3462; x_wconf 81' lang='grc' dir='ltr'><strong>τὸν</strong></span> <span class='ocrx_word' id='word_1_240' title='bbox 649 3414 672 3463; x_wconf 78' lang='lat' dir='ltr'><em>A</em></span> <span class='ocrx_word' id='word_1_241' title='bbox 690 3403 822 3480; x_wconf 75' lang='grc' dir='ltr'><strong><em>μετρήσει</em></strong></span> <span class='ocrx_word' id='word_1_242' title='bbox 844 3408 979 3479; x_wconf 58' lang='lat' dir='ltr'><strong>(nvom.</strong></span> <span class='ocrx_word' id='word_1_243' title='bbox 1055 3409 1108 3476; x_wconf 60' lang='lat' dir='ltr'><strong>etk</strong></span> 
     </span>
     <span class='ocr_line' id='line_1_35' title="bbox 83 3474 752 3553; baseline 0 -16"><span class='ocrx_word' id='word_1_244' title='bbox 83 3498 153 3538; x_wconf 82' lang='lat' dir='ltr'><strong>corr.</strong></span> <span class='ocrx_word' id='word_1_245' title='bbox 173 3497 208 3535; x_wconf 86' lang='lat' dir='ltr'><strong>ex</strong></span> <span class='ocrx_word' id='word_1_246' title='bbox 225 3477 243 3551; x_wconf 78' lang='grc' dir='ltr'><em>ἦ</em></span> <span class='ocrx_word' id='word_1_247' title='bbox 262 3499 300 3536; x_wconf 89' lang='lat' dir='ltr'><strong>m.</strong></span> <span class='ocrx_word' id='word_1_248' title='bbox 318 3497 373 3536; x_wconf 84' lang='lat' dir='ltr'><strong>reo.</strong></span> <span class='ocrx_word' id='word_1_249' title='bbox 392 3481 422 3537; x_wconf 88' lang='lat' dir='ltr'><strong>P.</strong></span> <span class='ocrx_word' id='word_1_250' title='bbox 495 3474 550 3553; x_wconf 75' lang='grc' dir='ltr'><strong>οὐ]</strong></span> <span class='ocrx_word' id='word_1_251' title='bbox 571 3475 607 3552; x_wconf 85' lang='grc' dir='ltr'><strong>μή</strong></span> <span class='ocrx_word' id='word_1_252' title='bbox 628 3479 752 3553; x_wconf 70' lang='lat' dir='ltr'><strong>Angoet.</strong></span> 
     </span>
    </p>
   </div>
   <div class='ocr_carea' id='block_1_8' title="bbox 0 0 1183 3818">
    <p class='ocr_par' dir='ltr' id='par_1_10' title="bbox 0 0 1183 3818">
     <span class='ocr_line' id='line_1_36' title="bbox 0 0 1183 3818; baseline 0 0"><span class='ocrx_word' id='word_1_253' title='bbox 0 0 1183 3818; x_wconf 95' lang='lat' dir='ltr'><strong> </strong></span> 
     </span>
    </p>
   </div>
  </div>
 </body>
</html>
