2348 3818
89 155 131 218 74
461 156 663 207 ΣΤΟΙΧΕΙΩΝ
682 150 722 208 ς’.

45 356 47 362 .
87 297 161 365 υπὸ
189 295 231 365 τὸ
259 293 355 365 αὐτὸ
378 296 480 377 ὕψος
503 293 597 364 ὅντα
620 293 717 382 πρὸς
745 293 894 382 άλληλά
918 295 1029 362 ἐστιν
1052 289 1103 374 ὥς

88 407 129 470 αί
150 401 294 488 βάσεις.

146 509 254 577 ’Ἐστω
286 514 433 597 τρίγωνα
466 508 527 595 μὲν
555 507 596 576 τά
621 516 725 594 ΑΒΓ,
744 513 859 593 ΑΓΔ,
890 504 1105 595 παραλληλό-

87 642 223 705 γραμμα
255 614 292 683 δὲ
324 613 363 681 τά
396 620 469 701 ΕΓ,
493 620 554 681 ΓΖ
580 611 646 681 ὑπὸ
675 612 714 681 τὸ
744 610 825 682 αὐτὸ
848 612 937 694 ὕψος
958 609 996 679 τὸ
1023 617 1104 680 ΑΓ·

53 734 69 783 ὅ
88 723 190 809 λέγω,
216 721 266 789 ὅτι
290 722 380 790 ἐστὶν
405 718 449 802 ὡς
472 718 492 808 ἡ
516 726 584 789 ΒΓ
600 719 698 806 βάσις
720 719 805 810 πρὸς
825 718 888 806 τὴν
906 724 969 787 ΓΔ
987 719 1105 804 βάσιν,

90 827 196 906 οὕτως
228 824 266 896 τὸ
295 832 399 896 ΑΒΓ
422 831 590 916 τρίγωνον
619 824 704 914 πρὸς
729 823 767 894 τὸ
796 831 896 894 ΑΓΔ
922 828 1105 915 τρίγωνον,

88 933 144 1000 καὶ
171 932 209 1002 τὸ
239 940 305 1002 ΕΓ
329 931 677 1021 παραλληλόγραμμον
707 929 790 1021 πρὸς
820 928 859 1000 τὸ
887 937 949 999 ΓΖ
975 937 1105 1019 παραλ-

89 1038 335 1129 ληλόγραμμον.

153 1144 389 1232 Ἐκβεβλήσθω
421 1143 487 1233 γὰρ
520 1141 541 1230 ἡ
575 1152 644 1213 ΒΔ
677 1141 730 1232 ἐφ’
771 1142 909 1233 ἑκάτερα
939 1139 980 1211 τά
1019 1142 1105 1230 μέρη

40 1267 74 1316 10
94 1253 147 1320 ἐπὶ
168 1250 209 1317 τὰ
233 1258 276 1336 Θ,
292 1256 322 1316 Α
345 1262 480 1336 σημεῖα,
508 1250 563 1317 καὶ
585 1255 778 1318 κείσθωσαν
805 1253 844 1341 τῇ
872 1249 934 1337 μὲν
956 1252 1027 1317 ΒΓ
1045 1246 1106 1334 βά-

93 1377 143 1425 σει
167 1365 237 1424 ίσαι
262 1353 540 1442 [ὁσαιδηποτοῦν]
566 1358 604 1422 αί
629 1362 713 1442 ΒΗ,
731 1363 810 1442 ΗΘ,
833 1359 873 1446 τῇ
897 1356 935 1424 δὲ
958 1360 1022 1423 ΓΔ
1046 1353 1107 1441 βά-

91 1480 141 1530 σει
169 1469 238 1528 ίσαι
268 1457 516 1547 ὁσαιδηποτοῦν
545 1463 582 1527 αί
603 1467 677 1528 ΔΚ
679 1515 688 1549 ,
702 1467 738 1528 K
741 1469 787 1549 A,
815 1462 871 1531 καὶ
899 1459 1107 1551 ἐπεζεύχθω·

91 1587 154 1635 σαι
178 1569 216 1634 αι
236 1572 322 1651 ΑΗ,
337 1574 416 1651 κο,
431 1573 516 1653 AK,
531 1574 607 1636 ΑΛ.
1007 1557 1009 1561 ’

156 1673 226 1740 Καὶ
257 1672 327 1741 ἐπεὶ
355 1682 424 1742 ίσαι
457 1675 543 1742 είσὶν
571 1677 609 1742 αί
634 1681 711 1760 ΓΒ,
731 1681 814 1760 ΒΗ,
833 1682 902 1743 ΗΘ
933 1673 1108 1763 ἀλλήλαις,

39 1795 73 1844 15
92 1790 148 1849 ίσα
175 1780 244 1848 ἐστὶ
271 1781 326 1848 καὶ
353 1779 394 1849 τά
422 1788 544 1869 ΑΘΗ,
567 1788 685 1869 ΑΗΒ,
704 1787 808 1850 ΑΒΤ
829 1788 977 1870 τρίγωνα
1003 1780 1108 1869 ἀλλή-

90 1895 169 1966 λοις.
216 1884 431 1954 ὁσαπλασίων
459 1884 525 1969 ἄρα
555 1886 646 1954 ἐστὶν
678 1884 699 1973 ἡ
734 1892 799 1955 ΘΓ
827 1887 924 1977 βάσις
954 1890 1013 1974 τῆς
1043 1893 1113 1956 ΒΓ

91 1992 235 2078 βάσεως,
263 1990 553 2059 τοσαυταπλάσιόν
582 1993 651 2058 ἐστι
674 1994 730 2059 καὶ
752 1992 791 2062 τὸ
816 1999 918 2062 ΑΘΓ
937 1998 1107 2083 τρίγωνον

91 2102 151 2165 τοῦ
181 2105 283 2166 ΑΒΓ
304 2096 481 2185 τριγώνου.
531 2095 587 2163 ὁιά
624 2095 665 2164 τὰ
694 2096 779 2166 αὐτά
813 2098 854 2187 δὴ
889 2097 1107 2170 ὁσαπλασίων

92 2203 183 2272 ἐστὶν
211 2200 231 2288 ἡ
256 2208 324 2269 ΑΓ
348 2200 444 2288 βάσις
470 2205 528 2288 τῆς
551 2208 613 2269 ΓΔ
640 2202 785 2291 βάσεως,
812 2204 1107 2281 τοσαυταπλάσιόν

40 2328 75 2377 20
94 2310 163 2376 ἐστι
185 2308 241 2377 καὶ
263 2306 300 2377 τὸ
325 2312 430 2375 ΑΑΓ
448 2313 613 2396 τρίγωνον
636 2312 697 2376 τοῦ
721 2315 819 2379 ΑΓΔ
839 2311 1021 2400 τριγώνου·
1050 2312 1108 2381 καὶ

92 2417 123 2480 εί
154 2421 209 2498 ἴση
243 2413 334 2480 ἐστὶν
361 2409 382 2498 ἡ
412 2418 477 2480 ΘΓ
501 2411 599 2499 βάσις
629 2416 669 2501 τῇ
697 2421 758 2482 ΓΛ
785 2414 896 2501 βάσει,
929 2425 1006 2485 ίσον
1035 2418 1107 2486 ἐστὶ

92 2519 147 2587 καὶ
179 2517 216 2587 τὸ
251 2523 353 2586 ΑΘΓ
380 2523 546 2607 τρίγωνον
577 2523 622 2610 τῷ
651 2525 753 2589 ΑΓΛ
783 2520 954 2614 τριγώνῳ,
986 2524 1044 2592 καὶ
1077 2529 1109 2595 εί

92 2624 247 2716 ὑπερέχει
275 2623 295 2712 ἡ
319 2631 384 2695 ΘΓ
402 2623 502 2711 βάσις
529 2629 587 2711 τῆς
613 2633 674 2694 ΓΑ
700 2626 843 2714 βάσεως,
870 2625 1022 2718 ὑπερέχει
1050 2632 1109 2700 καὶ

93 2731 131 2800 τὸ
156 2738 259 2800 ΑΘΓ
278 2736 445 2819 τρίγωνον
467 2735 528 2800 τοί
548 2738 649 2802 ΑΓΛ
672 2734 855 2824 τριγώνου,
878 2735 934 2803 καὶ
957 2738 989 2804 εί
1010 2737 1107 2807 ἐλάσ-

41 2858 75 2908 25
95 2857 180 2923 σων,
219 2843 369 2905 ἔλασσον.
424 2837 597 2926 τεσσάρων
629 2838 671 2927 δὴ
709 2837 819 2909 ὄντων
855 2846 1010 2929 μεγεθών
1041 2844 1108 2924 δύο

95 2943 156 3030 μὲν
164 2947 306 3041 βάσεων
324 2945 393 3011 τών
412 2948 483 3030 ΒΓ,
498 2948 571 3030 ΓΛ,
590 2943 653 3012 δύο
674 2944 711 3013 δὲ
724 2946 898 3035 τριγώνων
912 2951 979 3017 τών
993 2958 1108 3040 ΑΒΓ,

93 3056 195 3117 ΑΓΔ
222 3058 372 3136 είληπιαι
399 3049 508 3130 ἰσάκις
534 3051 765 3120 πολλαπλάσια
791 3056 850 3139 τῆς
876 3053 939 3140 μὲν
961 3062 1029 3123 ΒΓ
1045 3056 1110 3141 βά-

96 3176 179 3236 σεως
201 3157 258 3224 καλ
280 3161 343 3224 τοῦ
366 3163 470 3225 ΑΒΓ
488 3156 655 3247 τριγώνου
678 3157 700 3245 ἥ
723 3185 758 3226 τε
781 3165 845 3227 ΘΓ
864 3161 962 3246 βάσις
987 3162 1044 3230 καὶ
1068 3163 1108 3232 τὸ

166 3429 191 3479 4.
212 3423 279 3506 ΓΖ]
301 3428 355 3478 Ze
375 3441 443 3479 corr.
463 3442 499 3478 m.
519 3429 534 3478 2
554 3421 583 3476 F.
656 3415 795 3544 ὁροςρῖΡς
818 3409 894 3485 ὁυος
919 3413 989 3472 ὄντα
1007 3419 1110 3474 Theon

91 3495 192 3563 (va,
215 3495 242 3548 Γ
260 3513 292 3549 111
315 3512 368 3550 ras.
394 3513 430 3549 m.
456 3495 491 3565 2).
584 3488 615 3547 τὸ
642 3492 713 3563 ΑΓ]
764 3484 845 3556 ςτήν
870 3486 927 3543 ἀπὸ
947 3489 998 3544 τοῦ
1017 3494 1039 3543 Α
1059 3483 1111 3544 ἐπὶ
