2348 3818
373 115 648 167 ELEMENTORUM
665 116 774 168 LIBER
792 117 837 170 VL

116 260 185 320 EA
208 284 250 309 =
272 261 348 323 ΑΕ.
406 257 518 342 itaque
556 262 618 325 ΒΑ
641 281 648 322 :
674 263 743 323 ΑΕ
764 289 806 312 =
832 263 1019 324 AE:EB.
1074 304 1077 323 .

117 367 179 427 AB
192 372 227 436 >
241 367 316 428 ΑΒ.
362 384 462 448 quare
486 364 584 429 etiam
609 363 662 450 [V‚
688 366 743 447 14]
767 371 835 431 ΑΕ
850 375 885 440 >
905 371 978 432 ΕΒ.

178 468 269 554 Ergo
299 473 388 534 reeta
415 473 481 535 ΑΒ
515 470 690 536 seeundum
722 474 900 537 extremam
923 494 961 536 ao
988 472 1090 537 medie

120 575 277 641 rationem
301 566 390 641 s‘eota
412 579 463 641 est
486 576 521 640 in
544 581 576 641 E
598 577 673 657 [def.
693 577 727 657 3]
733 627 742 661 ,
771 581 806 642 et
828 579 934 643 maior
957 579 1024 644 eius
1053 601 1096 663 pa

120 683 164 745 est
185 685 266 769 AE3
290 682 376 766 quod
399 682 573 767 oportebat
595 682 673 749 fieri.

561 874 679 940 XXXI.

176 999 218 1064 In
242 998 416 1084 triangulis
439 999 638 1084 reetangulis
661 999 769 1085 figura
789 1000 952 1085 descripta
970 1000 1005 1064 in
1027 1001 1123 1064 latere

112 1106 170 1170 sub
199 1108 289 1170 recto
317 1106 437 1189 angulo
467 1104 674 1170 subtendenti
704 1107 849 1191 aequalis
883 1110 933 1171 est
959 1106 1072 1191 figuris
1095 1106 1129 1172 in

110 1206 270 1276 lateribus
291 1214 417 1277 neotum
431 1211 588 1296 angulum
601 1212 951 1296 comprehendentibus
966 1211 1129 1277 similibus

110 1318 151 1381 et
171 1317 323 1383 similiter
346 1316 525 1402 descriptis.
910 1378 919 1394 ,

179 1421 229 1488 Sit
260 1423 446 1509 triangulus
478 1424 687 1509 reetangulus
718 1427 821 1490 ΑΒΓ
845 1425 1002 1510 angulum
1030 1425 1133 1488 ΒΑΓ

92 1531 237 1594 rectum
272 1528 406 1596 habens.
465 1527 550 1611 dieo,
587 1528 727 1614 figuram
763 1529 798 1592 in
836 1532 902 1593 ΒΓ
934 1530 1130 1614 descriptam

88 1635 283 1720 aequalem
311 1655 380 1699 esse
407 1634 521 1718 figuris
549 1633 585 1696 in
608 1635 690 1716 BA,
709 1634 779 1697 ΑΓ
798 1633 958 1697 similibus
983 1638 1016 1698 et
1040 1633 1128 1698 simi-

84 1730 188 1805 liter
211 1739 389 1824 descriptis.

179 1845 317 1912 dueatur
351 1843 629 1930 perpendicularis
661 1849 694 1908 A
700 1847 742 1907 A.
801 1844 866 1907 iam
904 1842 1057 1927 quoniam
1095 1844 1129 1907 in

546 1949 710 2034 triangulo
739 1949 932 2034 reetangulo
961 1950 1066 2013 ΑΒΓ
1088 1949 1129 2013 ab

433 2093 436 2103 =
545 2057 665 2142 angulo
697 2058 787 2119 reete
821 2055 862 2119 ad
892 2059 925 2118 A
950 2055 1058 2139 posito
1088 2054 1129 2119 ad

543 2162 649 2227 basim
664 2164 729 2227 ΒΓ
739 2160 1013 2244 perpendicularis
1033 2160 1129 2226 ducta

541 2479 603 2543 toti
635 2481 740 2542 ΑΒΓ
766 2482 799 2542 et
828 2479 913 2542 inter
945 2498 979 2541 se
1007 2477 1130 2540 similes

543 2586 620 2648 sunt
643 2586 747 2667 [prop.
770 2583 873 2664 vnn.
920 2585 953 2645 et
977 2580 1129 2664 quoniam

75 2691 140 2749 4
154 2694 219 2756 ΒΓ
237 2720 273 2746 ω
297 2695 416 2774 ΑΒΔ,
445 2691 506 2755 erit
534 2689 610 2770 [def.
636 2691 668 2771 1]
697 2691 759 2753 ΓΒ
779 2693 870 2752 :BA
889 2717 932 2740 =
951 2688 1130 2750 ABtllA.

77 2792 146 2856 et
175 2798 331 2882 quoniam
362 2800 430 2861 tres
460 2799 566 2861 rectae
593 2795 853 2879 proportionales
882 2796 972 2876 sunt,
1005 2793 1067 2856 erit
1094 2795 1131 2856 ut

76 2898 221 2967 Drima
251 2901 292 2966 ad
318 2901 464 2984 tertiam,
496 2902 544 2965 ita
571 2902 677 2986 figura
705 2901 740 2964 in
767 2900 873 2983 prima
900 2897 1062 2982 descripta
1089 2896 1130 2961 ad

78 2987 254 3094 figuram
281 3007 315 3072 in
343 3006 482 3072 secunda
517 3007 656 3071 similem
685 3008 718 3070 et
752 3005 900 3070 similiter
933 3004 1129 3089 descriptam

149 3222 192 3270 13.
216 3209 275 3268 ὑπὸ
299 3209 331 3268 τό
354 3233 381 3284 p.
458 3219 498 3268 14.
522 3215 628 3268 εἴδεσιν
650 3211 680 3266 Ρ.
756 3217 797 3265 15.
822 3206 943 3284 ὁμοίως]
968 3208 1075 3283 ὁμοίοις
1094 3209 1128 3263 V.

95 3272 156 3342 [8.
176 3285 233 3356 τῶ]
254 3279 287 3338 τό
305 3283 370 3353 Fu,
390 3285 439 3341 sed
459 3301 527 3340 corr.
546 3302 582 3337 m.
598 3292 623 3338 2.
680 3287 721 3336 19.
742 3283 842 3353 ΑΔΓ]
863 3298 932 3337 corr.
947 3299 980 3337 ex
995 3285 1077 3334 ΑΔΒ
1091 3295 1128 3331 m.

100 3359 169 3421 ἶεο.
188 3340 219 3411 P.
257 3350 314 3423 ἄρα
331 3350 401 3424 πρός
419 3356 453 3410 V.
526 3360 569 3411 20.
590 3349 665 3409 ἔστιν
682 3354 713 3406 Ρ.
790 3357 833 3407 26.
852 3349 902 3423 τό]
922 3352 992 3420 (alt.)
1016 3366 1071 3403 orn.
1092 3348 1130 3414 F3

104 3429 200 3484 llister.
221 3444 257 3480 m.
278 3430 307 3494 2,
328 3428 376 3482 sed
395 3442 474 3482 euan.
