2348 3818
351 173 625 228 nunnnnronun
642 175 751 225 ursus
769 175 816 227 rx,
1032 173 1096 239 355

83 318 198 382 unitas
222 319 329 380 eutem
352 338 523 380 numerum
546 320 579 379 A
602 317 776 381 seeundum
799 317 942 382 unitates
969 321 1097 386 numeri

83 430 118 488 A
150 423 292 488 metitur.
344 443 443 506 quare
475 423 575 487 etiarn
606 427 634 486 B
660 444 830 488 numerum
860 426 893 487 Γ
919 425 1095 490 seeundum

82 531 228 594 unitates
246 529 373 592 numeri
391 533 424 592 A
442 529 585 593 metitur.
620 529 730 613 itaque
752 534 785 593 A
798 522 841 598 >Z
855 535 884 594 B
899 561 941 584 =
956 535 993 597 Γ.
1029 533 1095 596 ium

83 635 238 721 quoniam
265 638 502 715 A><A=B
529 637 563 698 et
590 638 837 720 A><B=r,
860 637 1012 702 Poubus
1036 641 1095 702 est

83 746 119 806 et
142 740 295 826 quonium
318 743 354 823 Γ,
373 744 415 819 Δ,
434 745 473 823 Ε,
491 744 519 802 Ζ
542 741 694 825 deinoeps
715 741 979 824 proportionales
1009 747 1096 830 sunt,

83 852 117 913 et
140 850 173 911 Γ
191 847 291 911 cubus
315 851 377 930 est,
400 846 499 910 etiam
523 851 551 910 Z
575 847 675 911 cubus
699 852 750 912 est
774 846 877 931 [VIIL
895 849 963 929 23].
971 845 997 935 ¹)
1043 849 1095 913 de·

83 953 339 1018 monstrauimus
364 956 486 1037 autern,
509 953 646 1017 eundem
670 954 768 1018 etium
792 955 986 1038 quadratum
1014 976 1094 1021 esse.

83 1081 162 1144 ergo
191 1060 349 1142 septimus
378 1059 418 1123 ab
448 1060 572 1124 unitate
602 1063 635 1124 et
654 1061 754 1124 oubus
778 1063 811 1124 et
834 1061 1010 1145 quadratus
1034 1065 1093 1126 est.

84 1165 236 1229 similiter
267 1165 574 1245 demonstrabimus,
612 1165 712 1230 etiam
749 1187 875 1250 omues,
912 1166 1092 1250 quicunque

83 1271 225 1355 quinque
257 1270 337 1335 loeis
375 1270 508 1349 distent,
546 1275 579 1334 et
611 1273 710 1336 cubos
741 1274 774 1336 et
801 1271 976 1356 quadratos
1009 1293 1094 1358 esse3

83 1377 170 1460 quod
194 1379 265 1441 erat
287 1376 584 1441 demonstrandum.

560 1551 617 1617 IX.

153 1658 187 1724 si
215 1659 376 1743 quotlibet
402 1659 528 1723 numeri
556 1659 707 1741 deinceps
726 1659 760 1722 in
782 1662 995 1742 proportione
1019 1683 1093 1726 eon·

80 1766 177 1830 tinuu
203 1765 463 1848 proportionales
492 1768 567 1828 sunt
590 1765 665 1830 inde
689 1765 730 1828 ab
754 1766 893 1850 unitate,
922 1770 954 1830 et
976 1768 1094 1833 unitati

80 1872 248 1955 proximus
272 1870 449 1954 quadratus
473 1875 531 1955 est,
554 1869 653 1934 etiam
675 1870 792 1954 reliqui
811 1893 923 1936 omnes
943 1873 1092 1957 quadrati

82 1981 186 2040 erunt.
219 1981 248 2040 et
274 1977 301 2040 si
324 1977 490 2059 proximus
513 1976 634 2040 unitati
657 1976 757 2040 cubus
777 1980 836 2060 est,
859 1977 957 2042 etiam
976 1979 1093 2062 reliqui

82 2104 196 2148 omnes
221 2082 294 2146 oubi
318 2084 420 2146 erunt.

150 2186 224 2253 Sint
256 2188 416 2273 quotlibet
446 2187 574 2251 numeri
604 2187 679 2251 inde
712 2188 753 2252 ub
785 2189 911 2252 unitate
944 2188 1094 2275 deinceps

71 2295 342 2380 *proportionales
365 2297 406 2377 A,
427 2297 466 2376 Β,
491 2295 526 2377 Γ,
550 2299 592 2376 Δ,
615 2299 653 2377 Ε,
672 2299 708 2376 Ζ,
732 2298 765 2359 et
787 2296 906 2361 unitati
927 2297 1094 2380 proximus

82 2406 116 2466 A
134 2401 309 2484 quadratus
329 2400 379 2464 sit.
417 2398 498 2481 dieo,
517 2400 616 2464 etiam
634 2400 776 2484 reliquos
791 2422 902 2465 omnes
918 2402 1094 2484 quadratos

84 2529 165 2572 esse.
210 2505 343 2570 tertium
369 2505 499 2589 quidem
527 2506 567 2569 ab
596 2506 722 2570 unitate
744 2510 774 2569 Β
802 2507 995 2589 quadratum
1024 2529 1094 2572 esse

82 2617 117 2677 et
149 2635 274 2694 omnes,
306 2611 361 2695 qui
393 2632 459 2675 uno
491 2611 562 2675 loeo
594 2612 726 2694 distent,
760 2611 1025 2676 demonstratum·
1044 2616 1093 2676 est

81 2722 187 2803 [prop.
198 2716 302 2798 VHI].
333 2717 412 2800 dieo,
429 2717 528 2780 etiem
542 2718 683 2801 reliquos
698 2739 809 2783 omnes
825 2716 1095 2801 quadratosesse.

154 2894 181 2961 1)
198 2890 236 2945 Et
254 2890 383 2945 similiter
401 2890 436 2944 de
451 2891 588 2959 omnibus,
607 2891 657 2959 qui
671 2890 779 2946 duobus
797 2890 869 2955 loeis
883 2890 997 2959 distant,
1017 2893 1093 2962 quod

79 2962 128 3016 uix
147 2978 218 3033 opus
238 2965 295 3026 est,
314 2965 347 3016 ut
365 2979 428 3016 oum
446 2960 575 3032 Augusto
594 2962 698 3017 diserte
716 2961 861 3016 addemus.

79 3141 180 3207 ποίηκε
199 3139 261 3206 Vp.
334 3145 359 3194 4.
378 3140 517 3208 πεποίηκε
536 3139 597 3207 Vp.
671 3145 695 3195 6.
716 3134 807 3210 ἐστίν]
828 3139 929 3210 (prius)
953 3136 1016 3194 ἐστί
1029 3141 1091 3209 Vqr.

81 3216 104 3263 7.
124 3210 190 3280 καί]
211 3226 265 3264 om.
285 3229 314 3278 φ.
401 3217 426 3264 8.
447 3209 476 3265 τὲ
515 3226 600 3278 supra
618 3228 654 3265 m.
676 3216 689 3263 1
709 3210 739 3264 P.
779 3205 854 3264 ἔστιν
872 3211 903 3264 Ρ.
989 3208 1042 3280 δή]
1063 3214 1093 3264 in

78 3298 133 3335 rus.
156 3282 193 3346 P3
217 3278 250 3335 δέ
275 3300 305 3348 φ.
380 3286 421 3335 10.
445 3279 476 3334 rt
518 3297 573 3334 om.
596 3280 627 3334 P.
665 3279 737 3335 εἰσιν
759 3281 789 3335 Ρ.
864 3287 905 3336 12.
930 3276 996 3349 ἑξῆς
1018 3279 1092 3334 κατὰ

77 3348 110 3405 τὸ
130 3349 246 3420 συνεχὲς
264 3345 399 3422 ἀριθμοί]
419 3345 539 3419 ἀριθμοὶ
558 3346 624 3419 ἑξῆς
642 3351 738 3406 Theon
753 3351 864 3422 (BVp).
921 3358 963 3406 17.
983 3347 1094 3420 ὁσοιδη-

77 3421 198 3492 ποτοῦν]
220 3421 343 3491 PBVp3
362 3417 517 3477 ὁποσοιοῦν
535 3420 598 3478 odd.
667 3427 710 3479 21.
728 3423 767 3493 Β]
786 3417 920 3491 δεύτερος
937 3422 972 3491 V,
990 3421 1044 3474 del.
1065 3424 1094 3476 et

76 3492 131 3548 ins.
151 3496 168 3563 β
185 3511 223 3546 m.
242 3499 275 3559 23
295 3495 312 3565 β
330 3489 463 3563 δεύτεροὲ
481 3513 510 3563 φ.

903 3573 965 3625 Ἦ*
