2348 3818
50 139 130 203 '232
364 174 369 182 -
442 136 644 191 ΣΤοιΧυιιιΝ
662 135 698 204 ς’.

64 286 109 372 ’τῷ
143 279 232 372 αὐτῷ
265 278 354 372 λόγῳ
389 280 474 348 εἰσὶν
504 279 681 359 ἐλάσσονες
714 279 808 361 ὄντες
838 278 965 349 αὐτῶν·
1000 276 1082 368 ὅπερ

66 388 156 455 ἐστὶν
175 383 363 454 ἀδύνατον·
386 383 580 454 ὑπόκεινται
602 386 667 476 γὰρ
688 391 723 456 οἱ
739 394 813 473 ΓΔ,
832 394 895 462 ΕΖ
915 384 1085 473 ἐλάχιστοι

65 496 133 560 τῶν
157 491 218 559 τὸν
241 488 346 559 αὐτὸν
369 491 473 577 λόγον
493 492 638 580 ἐχόντων
657 489 783 575 αὐτοῖς.
828 491 890 562 οὐκ
908 494 975 580 ἅμα
998 493 1083 580 μέρη

67 600 157 666 ἐστὶν
182 597 199 666 5
223 605 287 667 ΓΔ
307 603 369 667 τοῦ
393 608 437 666 Α·
461 600 570 687 μέρος
585 598 660 688 ἄρα.
698 600 753 667 καὶ
779 597 797 667 5
821 607 883 667 ΕΖ
906 603 967 668 τοῦ
991 605 1019 665 Β
1045 597 1083 667 τό

31 704 149 774 σκύτὸ
180 707 280 795 μέρος
313 708 418 793 ἐστίν,
453 707 533 795 ὅπερ
567 704 585 774 5
614 713 678 774 ΓΔ
707 709 770 775 τοῦ
796 715 828 773 Α
836 728 842 742 ·
874 705 984 784 ίσιλκις
1016 704 1087 793 ἄρα

67 812 85 884 5
119 818 182 879 ΓΔ
210 810 271 881 τὸν
304 821 336 880 Α
366 827 480 901 μετρεῖ
509 814 565 880 καὶ
598 810 616 881 5
649 820 712 880 ΕΖ
739 811 800 880 τὸν
828 819 870 880 Β·
903 812 985 898 ὅπερ
1014 814 1087 878 ἔδει

69 915 183 1001 δεῖξαι.
618 935 621 940 ’
1080 910 1087 915 ”

542 1041 607 1109 κοί.

137 1172 186 1235 Oi
202 1170 351 1255 κμτότοι
370 1162 467 1251 πρὸς
486 1161 683 1250 ἀλλήλους
697 1165 865 1253 ἀριθμοὶ
881 1163 1090 1251 ἐλάχιστοί

17 1298 50 1347 10
70 1281 147 1345 εἰσι
170 1278 247 1341 τῶν
270 1270 339 1339 τὸν
364 1267 487 1338 αὐτὸν
510 1268 632 1354 λόγον
657 1270 828 1357 ἐχόντων
852 1268 997 1351 αὐτοῖς.

125 1379 300 1448 Ἔστωσαν
333 1381 459 1465 πρῶτοι
492 1375 576 1463 πρὸς
607 1374 772 1462 ἀλλήλους
806 1375 947 1463 ἀριθμοὶ
980 1379 1016 1444 ολ
1042 1387 1085 1464 A,

69 1495 110 1555 B·
134 1487 235 1570 λέγω,
259 1483 311 1553 ὅτι
334 1486 370 1551 οἱ
390 1492 437 1568 A,
457 1489 485 1549 Β
510 1484 679 1570 ἐλάχιστοί
706 1487 770 1550 εἰσι
797 1487 865 1551 τῶν
892 1482 953 1552 τὸν
980 1481 1086 1552 αὐτὸν

70 1593 172 1679 λόγον
196 1591 341 1677 ἐχόντων
365 1586 488 1668 αὐτοῖς.

137 1700 182 1764 Εἰ
209 1694 275 1783 γὰρ
305 1693 365 1780 μή,
398 1699 539 1763 ἔσονταί
566 1719 655 1772 τινες
685 1697 753 1761 τῶν
780 1700 875 1778 Α,Β
908 1692 1088 1776 ἐλάσσονες

18 1827 51 1874 15
71 1802 212 1891 ἀριθμοὶ
236 1804 273 1868 ἐν
295 1805 340 1893 τῷ
365 1797 455 1893 αὐτῷ
480 1800 569 1891 λόγῳ
595 1798 689 1877 ὄντες
706 1810 776 1878 τοῖς
795 1808 837 1885 Α,
857 1808 894 1868 Β.
937 1805 1087 1870 ἔστωσαν

71 1914 106 1979 οἱ
127 1916 165 1996 Γ,
184 1917 226 1975 Δ.

135 2013 224 2110 Ἐπεὶ
257 2003 320 2080 οὖν
354 2012 389 2078 ολ
419 2009 586 2096 ἐλάχιστοι
617 2007 757 2096 ἀριθμοὶ
789 2015 858 2080 τιόν
890 2009 950 2081 τὸν
984 2010 1089 2081 αὐτὸν

73 2121 175 2206 λόγον
200 2116 348 2204 ἐχόντων
372 2117 530 2201 μετροῦσι
552 2113 636 2193 τοὺς
655 2116 715 2182 τὸν
739 2113 844 2183 αὐτὸν
867 2116 971 2203 λόγον
995 2123 1089 2205 ἔχον-

71 2252 130 2304 τας
162 2223 271 2300 ἰσάκις
304 2221 324 2288 5'
350 2245 385 2287 τε
413 2224 532 2306 μείζων
559 2219 619 2289 τὸν
647 2227 781 2307 μείζονα
808 2224 863 2290 καλ
892 2220 910 2290 5
941 2223 1088 2293 ἐλάττων

19 2356 53 2404 20
71 2325 133 2399 τὸν
162 2327 337 2411 ἐλάττονα,
365 2326 536 2393 τουτέστιν
569 2325 588 2393 ὅ
615 2353 650 2395 τε
677 2324 867 2415 ἡγούμενος
895 2328 955 2397 τὸν
987 2327 1088 2416 ἡγού-

72 2462 175 2524 μενον
203 2433 259 2501 καὶ
284 2429 301 2499 5
327 2430 489 2517 ἑπόμενος
511 2429 572 2499 τὸν
596 2431 778 2519 ἑπόμενον,
803 2434 911 2514 ἰσάκις
933 2433 999 2524 ἅμα
1023 2433 1041 2503 5
1061 2442 1093 2503 Γ

71 2542 131 2611 τὸν
160 2550 192 2609 Α
220 2551 332 2627 μετρεῖ
357 2537 413 2604 καὶ
441 2563 459 2604 0
489 2546 522 2605 Δ
549 2536 609 2606 τὸν
637 2547 674 2607 Β.
721 2536 836 2620 ὁσάκις
864 2540 906 2626 δὴ
937 2539 954 2608 5
979 2547 1012 2608 Γ
1028 2539 1089 2610 τὸν

72 2657 104 2717 Α
132 2659 261 2736 μετρεῖ,’
285 2647 443 2713 τοσαῦται
472 2643 617 2730 μονάδες
645 2649 794 2713 ἔστωσαν
823 2648 927 2737 ἐντῷ
950 2654 989 2715 Ε.
1032 2649 1089 2715 καὶ

146 2832 169 2878 1.
189 2819 283 2904 ὄντες]
304 2838 356 2876 om.
377 2841 406 2888 φ.
480 2828 503 2876 2.
530 2817 622 2893 ἐστίν]
647 2822 681 2888 Ρ,
705 2839 759 2877 om.
784 2821 897 2892 vaqo.
971 2830 996 2878 3.
1023 2821 1087 2896 τόν]

74 2914 126 2952 om.
148 2896 178 2950 B.
246 2888 347 2962 αυτόν]
366 2908 419 2946 om.
440 2911 470 2958 φ.
538 2899 563 2947 4.
583 2893 652 2964 ΕΖ]
671 2893 706 2959 P;
728 2895 780 2945 ΕΖ
798 2888 855 2963 ἄρα
872 2893 988 2962 Bqu).
1064 2901 1089 2952 6.

74 2964 166 3028 ἰσάκις
188 2959 280 3034 ἄραὸ
315 2967 365 3016 ΓΔ
388 2957 439 3015 τὸν
458 2961 502 3086 Ar}
521 2980 577 3031 mg.
598 2984 627 3031 φ.
666 2963 797 3032 Sequitur
821 2964 977 3034 propositio
1006 2982 1090 3034 quae·

74 3037 141 3093 dam
159 3051 234 3090 noua
252 3034 282 3088 in
299 3032 420 3102 BVp‹p‚
444 3049 462 3086 a
503 3033 594 3088 heone
612 3033 797 3103 interpolat53
822 3051 876 3089 om.
895 3035 918 3089 P
938 3035 1013 3104 (add.
1031 3053 1090 3107 mg.

73 3127 111 3163 m.
130 3108 197 3171 roc.)
216 3108 246 3160 et
264 3105 422 3173 Campanus
442 3105 477 3171 (u.
498 3121 524 3172 p.
544 3110 596 3158 233
615 3106 697 3174 noi.);
725 3122 750 3157 u.
771 3121 836 3174 app.
909 3112 933 3161 8.
953 3103 1022 3178 ια’]
1042 3103 1088 3175 κγ’

73 3177 259 3246 BVp,Pm.
279 3192 333 3230 rec.
409 3179 450 3229 10.
470 3172 541 3228 εἰσιν
565 3176 622 3229 ΡΒ.
698 3182 739 3229 12.
764 3173 835 3230 εἰσιν
858 3176 888 3232 Ρ.
963 3181 1003 3231 14.
1023 3177 1092 3233 Post

75 3245 113 3319 μή
132 3247 194 3302 add.
215 3247 324 3301 Theon:
348 3243 419 3299 εἰσιν
439 3240 469 3298 ολ
484 3251 519 3313 A,
538 3250 560 3298 B
585 3240 723 3314 ἐλάχιστοι
747 3246 802 3300 τῶν
826 3241 876 3300 τὸν
895 3243 985 3301 αὐτὸν
1004 3244 1091 3316 λόγον

75 3315 199 3390 ἐχόντων
219 3312 316 3379 αὐτοῖς
334 3315 468 3385 (Βλμφ).
544 3321 585 3370 15.
605 3316 651 3402 Bi
670 3334 738 3372 cort.
759 3332 793 3370 ex
812 3320 890 3370 Pm.
911 3324 925 3371 1
945 3335 972 3387 p.
1048 3324 1090 3374 1¹8.

77 3387 201 3460 ἑχόντων
221 3383 318 3450 αὐτοῖς
336 3385 426 3456 Vpip:
480 3392 520 3440 19.
541 3381 559 3441 ὅ
577 3387 619 3457 τε]
640 3382 684 3441 ότι
698 3408 728 3455 φ.
767 3382 891 3441 ἐλάσσων
905 3388 990 3456 thp.
1046 3395 1090 3445 20.

69 3456 215 3515 ἐλάττονα
234 3458 316 3530 Vpgo.
391 3454 517 3513 τουτέστι
537 3477 568 3527 φ.
