2348 3818
89 147 155 214 392
460 148 662 201 mmmm
680 145 724 203 α’.

566 323 631 410 νβ’.

154 447 242 517 Ἐάν
279 448 462 535 περισσοὶ
498 446 668 537 άριθμοὶ
711 444 930 517 ὁποσοιοῦν
968 467 1113 516 συντε-

89 558 233 639 θῶσιν,
262 555 304 622 τὸ
333 554 375 623 δὲ
402 557 559 642 πλῆθος
582 551 715 621 αὐτῶν
737 551 877 642 άρτιον
903 545 941 642 ᾗ,
971 551 991 622 ὁ
1016 551 1114 634 ὅλος

90 659 227 748 άρτιος
249 664 368 730 ἔσται.

54 778 71 827 5
156 772 424 852 Συγκείσθωσαν
441 765 508 856 γδιρ
525 767 679 854 περισσοὶ
697 763 838 853 άριθμοδ
857 763 1114 853 ὁσοιδηποτοῦν

90 869 200 958 ἄρτιοι
226 870 265 941 τὸ
294 876 424 959 πλῆθος
456 874 492 941 oc
513 880 594 959 AB,
619 876 696 958 ΒΓ,
723 876 801 957 ΓΔ,
821 880 903 940 ΛΕ·
927 873 1032 959 λέγω,
1058 871 1114 941 ὅτι

91 978 169 1058 ὅλος
192 975 210 1046 5
234 987 266 1046 Α
272 985 304 1046 Ε
320 976 439 1066 ,άρτιός
462 981 561 1047 ἐστιν.

154 1082 243 1152 Ἐπεὶ
263 1082 335 1172 γάρ
358 1087 495 1165 ἕκαστος
521 1087 589 1152 τῶν
612 1091 692 1170 ΑΒ,
712 1090 789 1167 ΒΓ,
808 1088 885 1170 ΓΔ,
905 1091 977 1152 ΔΕ
996 1105 1114 1173 περιτ-

89 1190 146 1271 τός
174 1193 279 1277 ἐστιν,
312 1189 553 1279 ἀφαιρεθείσης
583 1188 732 1277 μονάδος
759 1185 818 1276 ἀφ’
857 1187 1001 1258 ἑκάστου
1036 1191 1114 1257 ἕκα-

38 1308 71 1357 10
90 1317 167 1377 στος
192 1301 260 1366 τῶν
283 1299 410 1364 λοιπῶν
433 1293 547 1384 άρτιος
571 1300 673 1364 ἔσται·
703 1295 788 1363 ῶστε
809 1295 865 1363 καὶ
889 1291 907 1363 ὁ
936 1301 1115 1383 συγκείμε-

89 1429 150 1482 νος
177 1405 211 1484 ἐξ
238 1400 351 1470 αὐτῶν
379 1399 492 1490 άρτιος
519 1406 619 1471 ἔσται.
665 1404 735 1470 ἔστι
766 1400 882 1468 δὲκαὶ
909 1399 946 1467 τὸ
975 1405 1117 1488 πλῆθος

90 1510 159 1575 τῶν
187 1506 347 1594 μονάδων
375 1505 501 1595 άρτιον.
547 1507 604 1574 καὶ
637 1503 716 1586 ὅλος
747 1505 815 1594 ἄρα
843 1503 860 1574 ὁ
893 1513 963 1574 ΑΕ
990 1504 1118 1595 ἄρτιός

91 1614 195 1681 ἐστιν·
219 1611 301 1700 ὅπερ
325 1618 392 1683 ἔδει
417 1615 530 1693 δείξαι.

561 1815 626 1874 κγ.

39 1934 72 1984 15
155 1910 243 1981 Ἐὰν
280 1913 461 2000 περισσοὶ
503 1909 673 2000 άριθμολ
711 1909 932 1980 ὁποσοιοῦν
970 1931 1116 1981 συντε·

90 2024 234 2104 θῶσιν,
266 2018 307 2087 τὸ
342 2019 384 2086 δὲ
411 2024 562 2106 πλῆθος
590 2015 720 2087 αὐτῶν
746 2017 939 2104 περισσὸν
971 2009 1011 2105 ᾗ,
1047 2021 1115 2088 καὶ

92 2123 110 2193 ὁ
135 2124 226 2205 ὅλος
248 2125 435 2212 περισσὸς
458 2130 576 2213 ἔσται.

159 2237 426 2317 Συγκείσθωσαν
458 2229 523 2319 γάρ
558 2227 742 2299 ὁποσοιοῦν
770 2231 921 2316 περισσοὶ
952 2227 1114 2318 άριθμοί,

92 2330 140 2405 ῶν
158 2336 196 2405 τὸ
216 2341 347 2423 πλῆθος
364 2335 525 2425 περισσὸν
549 2341 644 2422 ἔστω,
668 2338 703 2404 oc
724 2343 800 2420 AB,
819 2341 891 2420 ΒΓ,
910 2341 984 2402 ΓΔ·
1012 2339 1114 2424 λέγω,

39 2463 73 2512 20
94 2441 144 2512 ὅτι
167 2443 223 2511 καὶ
248 2441 325 2523 ὅλος
349 2441 366 2511 ὁ
390 2452 461 2511 ΑΔ
484 2443 640 2529 περισσός
664 2444 763 2510 ἐστιν.

156 2548 361 2638 Ἀφῃρήσθω
395 2548 461 2617 άπὸ
494 2553 556 2617 τοῦ
588 2555 652 2617 ΓΔ
682 2546 789 2636 μονάς
820 2545 841 2634 ἡ
875 2555 955 2615 ΛΕ·
992 2545 1116 2626 λοιπὸς

92 2654 159 2742 άρα
187 2653 204 2722 ὁ
236 2660 301 2722 ΓΕ
327 2652 441 2742 άρτιός
468 2657 568 2722 ἐστιν.
613 2659 682 2722 ἔστι
711 2653 749 2722 δὲ
770 2654 826 2722 καὶ
849 2651 867 2721 ὁ
892 2659 957 2720 ΓΑ
979 2650 1113 2741 άρτιος·

92 2762 148 2828 καὶ
172 2759 250 2839 ὅλος
273 2758 339 2846 άρα
362 2757 380 2828 ὁ
404 2767 472 2827 ΑΕ
493 2759 608 2847 άρτιός
632 2763 732 2829 ἐστιν.
775 2764 835 2827 καί
855 2762 924 2826 ἐστι
951 2758 1060 2844 μονὰς
1089 2757 1113 2845 ἡ

93 2873 171 2934 ΛΕ.
216 2862 373 2950 περισσὸς
396 2863 463 2952 άρα
485 2864 576 2933 ἐστὶν
600 2861 618 2932 5
643 2872 727 2931 ΑΔ·
751 2862 832 2952 ὅπερ
857 2866 924 2931 ἔδει
948 2866 1065 2945 δείξαι.

163 3049 189 3096 2.
213 3041 370 3095 συντεθῶσι
393 3041 478 3110 PVq.
569 3047 593 3096 3.
619 3036 651 3112 ὁ]
676 3058 729 3097 om.
751 3042 836 3109 PVq.
927 3045 953 3097 4.
977 3036 1054 3094 ἐστιν
1079 3042 1113 3096 F.

92 3117 117 3168 5.
137 3109 207 3183 γάρ]
227 3131 263 3166 m.
284 3119 300 3166 2
320 3113 350 3168 F.
429 3119 453 3167 6.
473 3107 577 3182 άρτιοι]
598 3128 651 3167 om.
670 3112 700 3166 F.
778 3118 803 3167 8.
824 3107 957 3180 ἑκάτερος
974 3110 1011 3179 F,
1038 3127 1111 3167 corr.

92 3201 128 3237 m.
149 3190 174 3237 2.
266 3189 308 3236 11.
329 3181 402 3251 ἔστι]
424 3181 493 3237 ἔστω
511 3182 541 3238 Ρ.
634 3190 675 3238 13.
695 3183 771 3237 Inter
791 3179 866 3237 ἐστιν
885 3185 915 3237 et
932 3176 1002 3247 ὅπερ
1022 3182 1112 3237 aliam

92 3254 242 3309 demonstr.
266 3253 354 3309 habet
377 3254 411 3319 1⁴¹3
435 3272 462 3308 α.
486 3270 551 3323 app.
643 3260 683 3308 15.
704 3249 874 3325 ὁποσοιοῦν]
899 3270 953 3308 om.
972 3252 1007 3308 V.
1045 3269 1113 3306 ουν-

92 3326 197 3380 τεθῶοι
215 3324 272 3392 Vq.
347 3330 389 3379 17.
409 3319 441 3394 ὁ]
463 3340 516 3378 om.
542 3323 688 3394 PBFVq3
713 3341 782 3379 corr.
801 3323 920 3394 August.
995 3328 1037 3377 18.
1059 3343 1111 3378 πε-

91 3396 181 3464 ριοοολ
199 3392 321 3466 άριθμολ
340 3391 493 3449 ὁποσοιοῦν
511 3395 545 3451 V.
607 3401 649 3452 19.
669 3393 712 3466 ολ]
733 3391 798 3450 51⁴¹.
857 3401 900 3449 22.
921 3389 1013 3464 ἔστιν]
1034 3388 1112 3448 ἐστιν

80 3465 116 3523 δὲ
145 3469 204 3524 τῶν
232 3463 288 3541 πρὸ
314 3459 405 3526 αῦιοῦ
427 3465 461 3523 F.
553 3466 624 3539 PAX
647 3470 696 3520 ΑΓ
716 3465 804 3533 ssvq.
892 3471 935 3521 23.
961 3459 1050 3535 ἐστιν]
1079 3464 1111 3533 Ρ,
