2348 3818
611 604 622 629 t

584 635 630 694 η.

584 774 629 846 α’.

163 891 254 964 Ἐοιν
278 887 375 965 ὦσιν
399 894 695 984 ὁσοιδηποτοῦν
719 895 887 987 ἀριθμοὶ
911 896 999 982 ἑξῆς
1018 893 1115 963 ἄνολ-

100 1009 237 1088 λονον,
266 1006 305 1069 ολ
327 1003 369 1071 δὲ
392 1002 505 1091 ἄκροι
535 1004 666 1074 αὐτῶν
693 1009 841 1092 πρῶτοι
869 1001 967 1091 πρὸς
995 1001 1115 1089 ἀλλή-

100 1116 195 1191 λους
223 1103 335 1197 ὦσιν,
364 1109 571 1198 ἐλάχιστοί
597 1117 675 1180 εἰσι
702 1116 779 1181 τῶν
806 1110 878 1179 τὸν
902 1107 1020 1177 αὐτὸν
1049 1109 1115 1177 λό-

65 1243 172 1302 5γον
197 1214 369 1302 ἐχόντων
394 1213 538 1297 αὐτοῖς.

157 1320 331 1390 Ἔστωσαν
369 1319 553 1393 ὁποσοιοῦν
589 1323 733 1413 ἀριθμοὶ
770 1325 844 1411 ἑξῆς
875 1321 1048 1408 ἀνάλογον
1081 1325 1116 1389 οἱ

99 1435 141 1512 A,
160 1434 200 1513 Β,
221 1434 259 1514 Γ,
279 1436 323 1514 A,
346 1431 382 1496 ολ
399 1429 437 1497 δὲ
455 1429 554 1518 ἄκροι
572 1428 684 1499 αὐτῶν
704 1434 739 1498 ολ
755 1440 798 1517 A,
819 1439 863 1516 A,
887 1433 1012 1517 πρῶτοι
1031 1426 1115 1516 πρὸς

98 1531 266 1620 ἀλλήλους
284 1538 446 1603 ἔστωσαν·
474 1537 571 1624 λέγω,
591 1535 642 1605 ὅτι
661 1541 697 1606 ολ
713 1547 756 1624 A,
775 1544 816 1623 Β,
836 1542 875 1621 Γ,
895 1542 928 1602 A
947 1534 1117 1622 ἐλάχιστοί

99 1644 163 1708 εἰσι
186 1645 256 1709 τῶν
278 1639 339 1708 τὸν
363 1639 467 1710 αὐτὸν
491 1642 595 1729 λόγον
619 1642 766 1730 ἐχόντων
793 1639 917 1721 αὐτοῖς.

46 1775 79 1823 10
166 1751 211 1813 Εἰ
236 1746 301 1836 γὰρ
329 1753 391 1834 μή,
421 1751 571 1816 ἔστωσαν
601 1748 772 1828 ἐλάττονες
794 1751 863 1816 τῶν
886 1755 934 1832 A,
953 1754 997 1832 Β,
1017 1752 1061 1833 Γ,
1080 1757 1114 1812 A

99 1855 134 1920 ολ
156 1860 200 1940 Β,
220 1862 262 1938 Ζ,
281 1862 330 1939 Η,
351 1862 379 1922 Θ
402 1857 438 1923 ἐν
466 1860 511 1945 τῷ
536 1853 627 1945 αὐτῷ
656 1855 744 1947 λόγῳ
769 1853 864 1933 ὄντες
888 1850 1011 1949 αὐτοῖς.
1057 1855 1114 1920 καὶ

98 1960 168 2026 ἐπεὶ
192 1962 227 2026 οἱ
248 1968 290 2043 Α,
310 1968 350 2044 Β,
369 1966 407 2045 Γ,
428 1969 461 2026 A
485 1963 591 2052 ἐντῷ
615 1958 704 2050 αὐτῷ
728 1959 817 2051 λόγῳ
837 1959 902 2026 εἰσὶ
920 1970 990 2038 τοῖς
1013 1965 1054 2044 Ε,
1074 1967 1114 2044 Ζ,

97 2071 142 2150 Η,
162 2071 201 2148 Θ,
224 2069 284 2130 καί
304 2066 393 2132 ἐστιν
413 2074 489 2134 ἴσον
513 2064 550 2132 τὸ
570 2070 700 2152 πλῆθος
720 2070 801 2150 [τῶν
820 2073 864 2151 A,
882 2072 921 2149 Β,
940 2069 979 2150 Γ,
999 2070 1045 2148 A]
1066 2069 1113 2154 τῷ

97 2169 220 2256 πλήθει
246 2174 327 2253 [τῶν
351 2178 389 2252 E,
408 2179 446 2258 Z,
465 2177 515 2258 H,
535 2178 589 2257 Θ],
613 2170 659 2239 δι’
682 2180 758 2239 ἴσον
782 2169 848 2259 ἄρα
868 2169 958 2237 ἐστὶν
978 2167 1023 2250 ὡς
1043 2167 1061 2238 ὁ
1080 2181 1114 2238 Α

45 2307 78 2355 15
97 2275 181 2364 πρὸς
203 2273 262 2343 τὸν
287 2285 335 2362 A,
361 2274 378 2343 ὁ
403 2285 434 2344 Β
455 2275 539 2366 πρὸς
562 2277 622 2346 τὸν
646 2286 682 2346 Θ.
729 2281 764 2345 οἱ
786 2276 824 2344 δὲ
851 2285 899 2361 Α,
918 2283 951 2340 A
974 2279 1112 2366 πρῶτοι,

98 2387 133 2450 οἱ
164 2382 201 2450 δὲ
230 2387 356 2471 πρῶτοι
383 2384 439 2451 κοιλ
468 2384 651 2472 ἐλάχιστοι,
685 2387 720 2452 ολ
752 2383 789 2451 δὲ
817 2381 985 2469 ἐλάχιστοι
1013 2381 1112 2471 ἀριθ-

96 2490 154 2576 μοὶ
181 2495 340 2579 μετροῦσι
368 2489 447 2571 τοὺς
473 2491 535 2560 τὸν
563 2489 667 2559 αὐτὸν
695 2490 799 2576 λόγον
833 2495 970 2577 ἔχοντας
1003 2488 1112 2568 ἰσάκις

97 2596 116 2663 ὅ
134 2622 168 2664 τε
192 2603 312 2684 μείζων
329 2594 391 2664 τὸν
409 2603 546 2684 μείζονα
565 2597 621 2665 κοιλ
641 2594 659 2665 ὁ
679 2596 831 2664 ἐλάσσων
850 2594 911 2663 τὸν
931 2594 1111 2682 ἐλάσσονα,

95 2706 266 2771 τουτέστιν
296 2704 372 2771 ὅτε
400 2702 588 2791 ἡγούμενος
609 2702 671 2771 τὸν
699 2700 890 2790 ἡγούμενον
912 2701 969 2768 καὶ
994 2699 1012 2770 ὁ
1037 2700 1112 2768 ἑκό-

44 2839 78 2888 20
97 2835 197 2895 μενος
224 2807 285 2875 τὸν
314 2808 488 2896 ἑπόμενον.
536 2823 649 2898 μετρεῖ
674 2806 740 2895 ἄρα
763 2804 781 2877 ὁ
806 2816 839 2874 A
861 2805 923 2875 τὸν
947 2815 979 2874 E
1000 2805 1018 2875 ὁ
1044 2813 1111 2894 μεί-

97 2921 161 2995 ζων
188 2913 249 2981 τὸν
278 2914 456 2982 ἐλάσσονα·
491 2916 571 3005 ὅπερ
606 2915 696 2984 ἐστὶν
728 2913 909 2983 ἀδύνατον.
958 2910 1021 2982 οὐκ
1044 2911 1109 3002 ἄρα

167 3105 326 3165 Εὐκλείδου
341 3113 486 3179 στοιχείων
500 3114 536 3176 g:
552 3131 570 3179 η
584 3111 617 3165 V.
651 3111 720 3166 Post
732 3109 849 3165 titulum
863 3108 893 3162 in
910 3111 991 3164 textu
1008 3108 1109 3164 scholi·

94 3200 143 3236 um
169 3181 206 3236 ad
230 3181 294 3249 VII,
317 3187 351 3235 39
375 3182 483 3236 habent
505 3183 595 3251 qu23
619 3200 646 3235 u.
670 3197 735 3250 app.
808 3188 833 3236 4.
860 3172 941 3251 οἷσιν]
967 3196 1022 3234 om.
1046 3179 1107 3247 Vm.

96 3253 167 3309 εἰσιν
186 3251 245 3305 ΡΒ.
328 3259 352 3307 9.
377 3251 447 3307 εἰσιν
471 3252 503 3305 Β.
587 3259 628 3307 11.
648 3254 694 3323 Η]
718 3253 817 3321 postea
839 3251 933 3306 insert.
952 3252 986 3306 V.
1068 3257 1107 3304 12.

96 3326 138 3396 A]
157 3326 258 3394 postea
276 3324 372 3379 insert.
391 3323 424 3377 V.
463 3322 534 3377 εἰσίν
553 3323 584 3379 B.
658 3331 700 3378 13.
720 3324 771 3377 καί
788 3320 863 3377 ἐστιν
878 3353 912 3362 -
928 3328 974 3376 14:
996 3323 1036 3392 Θ]
1051 3338 1106 3390 mg.

83 3414 122 3452 m,
143 3395 214 3451 ΒΓ.
275 3402 315 3452 13.
333 3395 389 3450 τῶν
409 3400 441 3467 A,
460 3397 492 3467 B,
513 3398 544 3464 Γ,
565 3396 608 3468 A}
629 3411 684 3450 om.
701 3395 733 3448 P.
788 3399 829 3448 14.
848 3395 905 3447 τῶν
922 3397 954 3462 Β,
970 3397 999 3462 Ζ,
1016 3397 1051 3460 Η,
1067 3392 1106 3461 Θ]
