2348 3818
356 147 630 200 nnnnnu'roauu
649 149 757 199 emus
774 149 821 202 rx.
1027 146 1094 212 385

542 375 629 443 XIX.

148 518 243 584 Datis
262 519 367 584 tribus
385 520 539 603 numeris,
561 519 689 604 quando
713 521 783 585 fieri
800 519 916 604 possit,
941 524 978 585 ut
997 543 1091 604 quar-

79 628 134 689 tus
158 645 270 689 eoram
293 627 551 710 proportionalis
574 627 773 706 inueniatur,
796 627 967 712 inquirere.

148 728 222 796 Sint
245 731 313 797 dati
335 737 401 797 tres
424 733 550 797 numeri
573 738 621 816 A,
638 738 677 816 B,
695 736 732 817 Γ,
756 737 789 797 et
811 733 1015 817 propositum
1039 733 1091 817 sit,

78 841 119 902 ut
145 838 359 923 inquiramus,
389 838 517 923 quando
541 843 676 924 quartus
699 860 811 905 eorum
837 839 1090 924 proportionalis

78 944 220 1008 inueniri
243 945 357 1028 possit.

147 1049 261 1134 Itaque
294 1054 351 1115 aut
385 1073 451 1117 non
478 1056 554 1116 sunt
584 1051 734 1145 deinceps
766 1053 1024 1136 proportionales
1058 1055 1090 1116 et

81 1157 219 1221 extremi
242 1178 353 1222 eorum
376 1157 462 1221 inter
485 1163 519 1221 se
541 1157 639 1240 primi
663 1161 748 1242 sunt,
771 1161 828 1221 aut
847 1156 996 1240 deinceps
1015 1180 1090 1242 pro·

78 1262 280 1348 portionales
308 1267 384 1328 sunt
406 1267 440 1328 et
462 1264 598 1328 extremi
617 1285 728 1329 eorum
746 1263 832 1329 inter
851 1285 885 1328 sc
908 1263 1005 1346 primi
1024 1286 1091 1330 non

80 1371 172 1453 sunt,
205 1373 261 1433 aut
298 1390 403 1453 neque
441 1369 590 1454 deinceps
627 1371 886 1454 proportionales
920 1373 997 1434 sunt
1032 1392 1091 1436 nec

78 1476 217 1540 extremi
244 1496 356 1540 eorum
383 1475 468 1539 inter
496 1497 530 1539 se
557 1474 666 1559 primi,
698 1479 754 1539 aut
780 1478 813 1539 et
841 1476 990 1560 deinceps
1018 1499 1091 1562 pro·

78 1581 282 1666 portionales
306 1584 339 1645 et
361 1582 495 1645 extremi
518 1601 629 1645 corum
651 1579 736 1645 inter
759 1602 793 1645 se
815 1582 922 1664 primi.

147 1686 218 1751 Iam
246 1687 274 1752 si
297 1693 342 1772 A,
365 1691 408 1771 B,
432 1690 465 1751 Γ
488 1686 636 1770 deinceps
664 1688 922 1770 proportionales
950 1692 1026 1752 sunt
1059 1693 1091 1754 et

80 1793 218 1858 extremi
251 1813 362 1857 eorum
389 1797 435 1876 A,
453 1794 485 1856 Γ
512 1792 597 1856 inter
625 1813 658 1857 se
689 1793 800 1878 primi,
832 1793 1090 1860 demonstratum

78 1902 141 1982 est,
160 1901 313 1982 quartum
328 1920 438 1964 eorum
452 1898 731 1982 proportionalem
749 1898 890 1963 inueniri
907 1921 975 1964 non
993 1923 1090 1984 posse

81 2007 187 2088 [prop.
206 2003 328 2087 XVII].
373 2025 415 2069 ne
439 2004 506 2068 sint
528 2004 630 2089 igitur
652 2009 699 2086 A,
717 2007 761 2088 Β,
783 2007 816 2069 Γ
835 2004 986 2089 deinceps
1014 2029 1091 2090 pro·

78 2110 282 2195 portionales
310 2110 462 2174 extremis
489 2130 601 2173 rursus
624 2110 709 2173 inter
733 2130 766 2173 se
793 2109 908 2193 primis
930 2114 1089 2178 manenti-

79 2217 152 2281 bus.
197 2216 283 2299 dico‚
305 2237 348 2280 nc
371 2216 417 2281 sic
440 2215 569 2300 quidem
593 2218 745 2308 quartum
768 2237 880 2281 eornm
907 2220 1091 2302 proportio·
1129 2272 1132 2277 .

79 2322 190 2386 nalem
208 2321 347 2386 inueniri
365 2341 470 2405 posse.
477 2317 502 2407 ¹)
548 2343 625 2385 nam
639 2320 668 2384 si
685 2320 757 2385 fieri
770 2326 889 2407 potest,
906 2324 1092 2389 inueniatur

152 2551 179 2616 1)
196 2550 258 2605 Hoc
276 2548 391 2617 quidem
408 2546 511 2602 falsum
529 2563 603 2615 esse,
621 2547 684 2615 quis
703 2564 759 2602 non
776 2547 873 2603 uidet?
893 2565 990 2603 uerum
1010 2549 1091 2606 dedit

77 2619 233 2676 scholiasta
249 2619 403 2674 Uaticanus
422 2620 459 2687 (n.
477 2619 541 2672 adn·
561 2617 646 2687 crit);
670 2618 770 2672 erroris
790 2619 928 2688 originem
949 2619 1089 2676 indicauit

77 2693 190 2760 August
210 2690 237 2744 ΙΙ
258 2709 286 2760 p.
306 2696 366 2744 351.
402 2704 493 2758 neque
517 2687 592 2742 enim
614 2690 639 2741 E
663 2688 784 2743 inueniri
805 2691 901 2758 potest
924 2693 960 2760 (p.
980 2695 1041 2758 386,
1060 2693 1088 2761 4)

76 2761 194 2815 inuento
218 2767 251 2818 Δ.
288 2761 338 2816 sed
357 2760 432 2829 quod
453 2759 529 2814 idem
553 2759 719 2828 scripturam
739 2759 861 2815 Theonis
879 2759 995 2830 recepit,
1013 2761 1089 2817 male

75 2847 139 2886 rem
157 2832 227 2902 egit3
247 2849 281 2888 ea
298 2833 374 2886 enim
391 2829 577 2902 propositioni
594 2829 677 2900 plene
692 2829 807 2884 minime
821 2832 979 2901 respondet
1012 2832 1090 2901 equi·

78 2901 144 2957 dem
166 2906 199 2958 ut
221 2903 368 2957 adfirmare
390 2918 446 2956 non
468 2899 573 2969 ausim,
595 2899 740 2955 Euclidem
763 2901 851 2956 talem
870 2919 990 2957 errorem
1015 2918 1090 2959 com-

76 2972 200 3041 misisse,
218 2974 261 3028 ita
278 2973 444 3043 scripturam
463 2969 568 3025 codicis
586 2969 608 3023 Ρ
626 2970 803 3026 retinendam
820 2975 907 3043 puto,
926 2973 992 3042 quia
1010 2990 1090 3044 aper-

75 3043 185 3098 tissime
204 3045 244 3100 sic
263 3044 320 3098 iam
338 3043 461 3098 Theonis
474 3042 649 3111 temporibus
663 3040 806 3096 ferebatur
820 3044 895 3113 (ideo
909 3044 984 3099 enim
997 3045 1090 3114 ipsum

77 3130 141 3168 eam
155 3114 297 3183 mutauit),
311 3131 362 3170 nec
375 3113 520 3183 habemus,
538 3126 593 3180 quo
612 3110 696 3167 modo
714 3112 810 3181 aliqua
823 3115 923 3169 saltem
937 3115 1090 3240 probabili-

76 3184 139 3239 tate
152 3187 324 3242 restituatur.
351 3200 417 3239 nam
432 3183 589 3253 Campanus
608 3181 680 3252 (siue
694 3183 789 3252 potius
802 3184 920 3254 Arabes)
952 3185 1090 3253 terrimo,

76 3256 111 3310 ut
134 3257 218 3325 solet,
237 3258 330 3311 locum
352 3255 481 3310 mutauit.
521 3253 609 3308 habet
626 3252 677 3320 IX,
701 3259 750 3307 20:
773 3255 865 3322 „datis
883 3256 973 3311 tribus
990 3271 1087 3310 nume-

76 3327 116 3382 ris
139 3329 271 3386 continue
294 3324 562 3397 proportionalibus,
586 3341 623 3378 an
646 3324 683 3377 sit
705 3323 809 3393 aliquis
828 3329 943 3396 quartus
966 3325 1006 3381 eis
1026 3342 1089 3380 con·

75 3399 156 3454 tinue
175 3417 226 3471 pro
247 3398 392 3455 ortionalis
410 3394 585 3476 inquirere‘t·
614 3394 727 3449 deinde:
752 3396 845 3466 „idem
862 3399 943 3466 potes
961 3413 1089 3465 perseru-

75 3469 134 3526 tari
152 3418 293 3538 quotiibet
310 3468 441 3525 continue
453 3465 662 3536 proportional.
680 3468 858 3539 propositis.“

128 3569 274 3622 suarides,
290 3568 341 3610 saa.
355 3567 460 3621 narsem
474 3570 499 3611 et
511 3567 606 3619 nenne.
636 3566 671 3609 n.
913 3556 956 3603 ‘ts
