<?xml version="1.0" encoding="UTF-8"?>
<!DOCTYPE html PUBLIC "-//W3C//DTD XHTML 1.0 Transitional//EN"
    "http://www.w3.org/TR/xhtml1/DTD/xhtml1-transitional.dtd">
<html xmlns="http://www.w3.org/1999/xhtml" xml:lang="en" lang="en">
 <head>
  <title>
</title>
<meta http-equiv="Content-Type" content="text/html;charset=utf-8" />
  <meta name='ocr-system' content='tesseract 3.04.00' />
  <meta name='ocr-capabilities' content='ocr_page ocr_carea ocr_par ocr_line ocrx_word'/>
</head>
<body>
  <div class='ocr_page' id='page_1' title='image "./euclidisoperaom15unkngoog_0338.png"; bbox 0 0 2348 3818; ppageno 0'>
   <div class='ocr_carea' id='block_1_1' title="bbox 333 169 1090 235">
    <p class='ocr_par' dir='ltr' id='par_1_1' title="bbox 333 169 1090 235">
     <span class='ocr_line' id='line_1_1' title="bbox 333 169 1090 235; baseline 0.009 -15"><span class='ocrx_word' id='word_1_1' title='bbox 333 169 608 222; x_wconf 82' lang='lat' dir='ltr'>ELEMENTORUM</span> <span class='ocrx_word' id='word_1_2' title='bbox 624 172 734 223; x_wconf 82' lang='lat' dir='ltr'><strong>LIBER</strong></span> <span class='ocrx_word' id='word_1_3' title='bbox 751 173 824 226; x_wconf 83' lang='lat' dir='ltr'>VIII.</span> <span class='ocrx_word' id='word_1_4' title='bbox 1023 171 1090 235; x_wconf 80' lang='lat'>315</span> 
     </span>
    </p>
   </div>
   <div class='ocr_carea' id='block_1_2' title="bbox 77 314 1091 1667">
    <p class='ocr_par' dir='ltr' id='par_1_2' title="bbox 77 314 1091 926">
     <span class='ocr_line' id='line_1_2' title="bbox 78 314 1090 400; baseline 0.002 -24"><span class='ocrx_word' id='word_1_5' title='bbox 78 314 111 376; x_wconf 95' lang='grc' dir='ltr'><strong><em>Γ</em></strong></span> <span class='ocrx_word' id='word_1_6' title='bbox 125 325 169 380; x_wconf 92' lang='grc'>&gt;&lt;</span> <span class='ocrx_word' id='word_1_7' title='bbox 188 315 217 376; x_wconf 90' lang='grc' dir='ltr'>Ζ</span> <span class='ocrx_word' id='word_1_8' title='bbox 236 342 277 365; x_wconf 88' lang='grc'>--</span> <span class='ocrx_word' id='word_1_9' title='bbox 297 316 339 391; x_wconf 90' lang='grc' dir='ltr'>Θ,</span> <span class='ocrx_word' id='word_1_10' title='bbox 362 319 396 376; x_wconf 99' lang='lat' dir='ltr'><em>A</em></span> <span class='ocrx_word' id='word_1_11' title='bbox 414 326 458 381; x_wconf 93' lang='grc'>&gt;&lt;</span> <span class='ocrx_word' id='word_1_12' title='bbox 477 317 505 376; x_wconf 91' lang='grc' dir='ltr'>Ζ</span> <span class='ocrx_word' id='word_1_13' title='bbox 524 342 566 366; x_wconf 91' lang='lat'>=</span> <span class='ocrx_word' id='word_1_14' title='bbox 586 316 627 378; x_wconf 88' lang='lat' dir='ltr'>K.</span> <span class='ocrx_word' id='word_1_15' title='bbox 669 314 877 380; x_wconf 76' lang='lat' dir='ltr'>manifestum</span> <span class='ocrx_word' id='word_1_16' title='bbox 900 315 1009 400; x_wconf 76' lang='lat' dir='ltr'>igitur,</span> <span class='ocrx_word' id='word_1_17' title='bbox 1031 337 1090 379; x_wconf 89' lang='lat' dir='ltr'>nu·</span> 
     </span>
     <span class='ocr_line' id='line_1_3' title="bbox 81 418 1090 503; baseline 0.003 -22"><span class='ocrx_word' id='word_1_18' title='bbox 81 439 189 482; x_wconf 80' lang='lat' dir='ltr'>meros</span> <span class='ocrx_word' id='word_1_19' title='bbox 214 422 251 500; x_wconf 87' lang='grc' dir='ltr'>Ε,</span> <span class='ocrx_word' id='word_1_20' title='bbox 271 421 308 501; x_wconf 91' lang='grc' dir='ltr'>Ζ,</span> <span class='ocrx_word' id='word_1_21' title='bbox 326 421 364 481; x_wconf 88' lang='lat' dir='ltr'><em>H</em></span> <span class='ocrx_word' id='word_1_22' title='bbox 384 421 418 482; x_wconf 73' lang='lat' dir='ltr'>et</span> <span class='ocrx_word' id='word_1_23' title='bbox 441 423 481 502; x_wconf 89' lang='lat' dir='ltr'>A,</span> <span class='ocrx_word' id='word_1_24' title='bbox 498 422 536 503; x_wconf 90' lang='grc' dir='ltr'>Θ,</span> <span class='ocrx_word' id='word_1_25' title='bbox 555 421 597 502; x_wconf 88' lang='grc' dir='ltr'>Κ,</span> <span class='ocrx_word' id='word_1_26' title='bbox 615 421 644 481; x_wconf 92' lang='grc' dir='ltr'><strong>Β</strong></span> <span class='ocrx_word' id='word_1_27' title='bbox 663 418 813 502; x_wconf 79' lang='lat' dir='ltr'>deinceps</span> <span class='ocrx_word' id='word_1_28' title='bbox 831 421 1090 502; x_wconf 69' lang='lat' dir='ltr'>proporIionales</span> 
     </span>
     <span class='ocr_line' id='line_1_4' title="bbox 79 521 1090 610; baseline 0.002 -22"><span class='ocrx_word' id='word_1_29' title='bbox 79 545 149 588; x_wconf 82' lang='lat' dir='ltr'>esse</span> <span class='ocrx_word' id='word_1_30' title='bbox 172 522 207 587; x_wconf 91' lang='lat' dir='ltr'>in</span> <span class='ocrx_word' id='word_1_31' title='bbox 229 522 356 587; x_wconf 73' lang='lat' dir='ltr'>ratione</span> <span class='ocrx_word' id='word_1_32' title='bbox 378 527 429 588; x_wconf 88' lang='grc' dir='ltr'>Γ;</span> <span class='ocrx_word' id='word_1_33' title='bbox 445 529 479 589; x_wconf 93' lang='lat' dir='ltr'><em>A</em></span> <span class='ocrx_word' id='word_1_34' title='bbox 504 521 607 610; x_wconf 87' lang='lat' dir='ltr'><strong>[prop.</strong></span> <span class='ocrx_word' id='word_1_35' title='bbox 625 522 713 605; x_wconf 91' lang='lat' dir='ltr'>XII].</span> <span class='ocrx_word' id='word_1_36' title='bbox 759 528 793 589; x_wconf 74' lang='lat' dir='ltr'>et</span> <span class='ocrx_word' id='word_1_37' title='bbox 817 528 972 610; x_wconf 83' lang='lat' dir='ltr'>quoniam</span> <span class='ocrx_word' id='word_1_38' title='bbox 993 532 1034 609; x_wconf 88' lang='lat' dir='ltr'>A,</span> <span class='ocrx_word' id='word_1_39' title='bbox 1053 530 1090 610; x_wconf 91' lang='grc' dir='ltr'>Θ,</span> 
     </span>
     <span class='ocr_line' id='line_1_5' title="bbox 77 629 1089 713; baseline 0.002 -18"><span class='ocrx_word' id='word_1_40' title='bbox 77 634 119 712; x_wconf 88' lang='lat' dir='ltr'>K,</span> <span class='ocrx_word' id='word_1_41' title='bbox 139 633 168 694; x_wconf 88' lang='lat' dir='ltr'><em>B</em></span> <span class='ocrx_word' id='word_1_42' title='bbox 190 629 341 711; x_wconf 79' lang='lat' dir='ltr'>deinceps</span> <span class='ocrx_word' id='word_1_43' title='bbox 364 629 625 711; x_wconf 76' lang='lat' dir='ltr'>proportionales</span> <span class='ocrx_word' id='word_1_44' title='bbox 649 633 739 713; x_wconf 74' lang='lat' dir='ltr'>suni,</span> <span class='ocrx_word' id='word_1_45' title='bbox 762 634 795 695; x_wconf 79' lang='lat' dir='ltr'>et</span> <span class='ocrx_word' id='word_1_46' title='bbox 818 636 850 694; x_wconf 89' lang='lat' dir='ltr'><em>A</em></span> <span class='ocrx_word' id='word_1_47' title='bbox 872 635 1089 696; x_wconf 87' lang='lat' dir='ltr'>numerumB</span> 
     </span>
     <span class='ocr_line' id='line_1_6' title="bbox 77 734 1090 821; baseline 0.004 -22"><span class='ocrx_word' id='word_1_48' title='bbox 77 735 221 818; x_wconf 72' lang='lat' dir='ltr'>metitur,</span> <span class='ocrx_word' id='word_1_49' title='bbox 237 734 335 799; x_wconf 76' lang='lat' dir='ltr'>etiam</span> <span class='ocrx_word' id='word_1_50' title='bbox 349 756 519 799; x_wconf 87' lang='lat' dir='ltr'>numerum</span> <span class='ocrx_word' id='word_1_51' title='bbox 534 739 563 800; x_wconf 96' lang='grc' dir='ltr'>Θ</span> <span class='ocrx_word' id='word_1_52' title='bbox 582 738 715 801; x_wconf 72' lang='lat' dir='ltr'>metitur</span> <span class='ocrx_word' id='word_1_53' title='bbox 733 738 838 821; x_wconf 89' lang='lat' dir='ltr'>[prop.</span> <span class='ocrx_word' id='word_1_54' title='bbox 852 735 942 821; x_wconf 80' lang='lat' dir='ltr'>VIIJ.</span> <span class='ocrx_word' id='word_1_55' title='bbox 978 760 1090 803; x_wconf 85' lang='lat' dir='ltr'>uerum</span> 
     </span>
     <span class='ocr_line' id='line_1_7' title="bbox 77 841 1091 926; baseline 0.001 -21"><span class='ocrx_word' id='word_1_56' title='bbox 77 847 132 905; x_wconf 92' lang='lat' dir='ltr'><em>A:</em></span> <span class='ocrx_word' id='word_1_57' title='bbox 147 844 176 904; x_wconf 94' lang='grc' dir='ltr'>Θ</span> <span class='ocrx_word' id='word_1_58' title='bbox 195 870 237 893; x_wconf 97' lang='lat'>=</span> <span class='ocrx_word' id='word_1_59' title='bbox 256 843 289 904; x_wconf 93' lang='grc' dir='ltr'><strong>Γ</strong></span> <span class='ocrx_word' id='word_1_60' title='bbox 307 863 314 903; x_wconf 89' lang='lat'>:</span> <span class='ocrx_word' id='word_1_61' title='bbox 329 844 371 904; x_wconf 94' lang='lat' dir='ltr'><em>A.</em></span> <span class='ocrx_word' id='word_1_62' title='bbox 408 861 486 926; x_wconf 81' lang='lat' dir='ltr'>ergo</span> <span class='ocrx_word' id='word_1_63' title='bbox 511 841 609 904; x_wconf 76' lang='lat' dir='ltr'>etiam</span> <span class='ocrx_word' id='word_1_64' title='bbox 637 844 669 905; x_wconf 93' lang='grc' dir='ltr'><strong><em>Γ</em></strong></span> <span class='ocrx_word' id='word_1_65' title='bbox 692 864 863 906; x_wconf 88' lang='lat' dir='ltr'>numerum</span> <span class='ocrx_word' id='word_1_66' title='bbox 889 847 922 906; x_wconf 93' lang='lat' dir='ltr'><em>A</em></span> <span class='ocrx_word' id='word_1_67' title='bbox 949 843 1091 909; x_wconf 77' lang='lat' dir='ltr'>metitur.</span> 
     </span>
    </p>

    <p class='ocr_par' dir='ltr' id='par_1_3' title="bbox 77 945 1091 1667">
     <span class='ocr_line' id='line_1_8' title="bbox 148 945 1091 1032; baseline 0.004 -23"><span class='ocrx_word' id='word_1_68' title='bbox 148 945 273 1010; x_wconf 86' lang='lat' dir='ltr'><strong>Rursus</strong></span> <span class='ocrx_word' id='word_1_69' title='bbox 288 946 442 1010; x_wconf 74' lang='lat' dir='ltr'>metiatur</span> <span class='ocrx_word' id='word_1_70' title='bbox 461 949 494 1011; x_wconf 96' lang='grc' dir='ltr'>Γ</span> <span class='ocrx_word' id='word_1_71' title='bbox 507 969 676 1012; x_wconf 86' lang='lat' dir='ltr'>numerum</span> <span class='ocrx_word' id='word_1_72' title='bbox 696 953 737 1013; x_wconf 92' lang='lat' dir='ltr'><em>A.</em></span> <span class='ocrx_word' id='word_1_73' title='bbox 774 948 854 1032; x_wconf 86' lang='lat' dir='ltr'>dieo,</span> <span class='ocrx_word' id='word_1_74' title='bbox 874 949 972 1013; x_wconf 76' lang='lat' dir='ltr'>eiiam</span> <span class='ocrx_word' id='word_1_75' title='bbox 991 955 1023 1012; x_wconf 94' lang='lat' dir='ltr'><em>A</em></span> <span class='ocrx_word' id='word_1_76' title='bbox 1036 971 1091 1013; x_wconf 91' lang='lat' dir='ltr'>nu-</span> 
     </span>
     <span class='ocr_line' id='line_1_9' title="bbox 77 1052 1091 1137; baseline 0.002 -21"><span class='ocrx_word' id='word_1_77' title='bbox 77 1073 202 1116; x_wconf 87' lang='lat' dir='ltr'>merum</span> <span class='ocrx_word' id='word_1_78' title='bbox 230 1055 259 1113; x_wconf 91' lang='lat' dir='ltr'><em>B</em></span> <span class='ocrx_word' id='word_1_79' title='bbox 287 1052 404 1117; x_wconf 74' lang='lat' dir='ltr'>metiri.</span> <span class='ocrx_word' id='word_1_80' title='bbox 458 1074 537 1117; x_wconf 84' lang='lat' dir='ltr'>nam</span> <span class='ocrx_word' id='word_1_81' title='bbox 567 1052 684 1118; x_wconf 69' lang='lat' dir='ltr'>iisdem</span> <span class='ocrx_word' id='word_1_82' title='bbox 712 1054 911 1137; x_wconf 70' lang='lat' dir='ltr'>comparatis</span> <span class='ocrx_word' id='word_1_83' title='bbox 943 1055 1091 1118; x_wconf 76' lang='lat' dir='ltr'>similiter</span> 
     </span>
     <span class='ocr_line' id='line_1_10' title="bbox 78 1157 1091 1244; baseline 0.002 -22"><span class='ocrx_word' id='word_1_84' title='bbox 78 1157 388 1242; x_wconf 74' lang='lat' dir='ltr'>demonstrabimus,</span> <span class='ocrx_word' id='word_1_85' title='bbox 417 1180 569 1223; x_wconf 82' lang='lat' dir='ltr'>numeros</span> <span class='ocrx_word' id='word_1_86' title='bbox 597 1164 642 1242; x_wconf 94' lang='lat' dir='ltr'><em>A,</em></span> <span class='ocrx_word' id='word_1_87' title='bbox 660 1163 702 1242; x_wconf 93' lang='grc' dir='ltr'>Θ,</span> <span class='ocrx_word' id='word_1_88' title='bbox 720 1162 814 1242; x_wconf 84' lang='grc' dir='ltr'>Κ,Β</span> <span class='ocrx_word' id='word_1_89' title='bbox 838 1159 989 1244; x_wconf 78' lang='lat' dir='ltr'>deinceps</span> <span class='ocrx_word' id='word_1_90' title='bbox 1016 1182 1091 1244; x_wconf 87' lang='lat' dir='ltr'>pro·</span> 
     </span>
     <span class='ocr_line' id='line_1_11' title="bbox 77 1263 1091 1349; baseline 0.003 -22"><span class='ocrx_word' id='word_1_91' title='bbox 77 1263 278 1348; x_wconf 79' lang='lat' dir='ltr'>poriionales</span> <span class='ocrx_word' id='word_1_92' title='bbox 298 1285 369 1328; x_wconf 86' lang='lat' dir='ltr'>esse</span> <span class='ocrx_word' id='word_1_93' title='bbox 392 1264 427 1328; x_wconf 91' lang='lat' dir='ltr'>in</span> <span class='ocrx_word' id='word_1_94' title='bbox 449 1264 576 1330; x_wconf 72' lang='lat' dir='ltr'>ratione</span> <span class='ocrx_word' id='word_1_95' title='bbox 598 1266 648 1328; x_wconf 81' lang='lat' dir='ltr'>F:</span> <span class='ocrx_word' id='word_1_96' title='bbox 664 1269 705 1329; x_wconf 93' lang='lat' dir='ltr'><em>A.</em></span> <span class='ocrx_word' id='word_1_97' title='bbox 751 1268 785 1328; x_wconf 78' lang='lat' dir='ltr'>ei</span> <span class='ocrx_word' id='word_1_98' title='bbox 807 1265 959 1349; x_wconf 82' lang='lat' dir='ltr'>quoniam</span> <span class='ocrx_word' id='word_1_99' title='bbox 983 1268 1015 1329; x_wconf 91' lang='grc' dir='ltr'>Γ</span> <span class='ocrx_word' id='word_1_100' title='bbox 1033 1287 1091 1330; x_wconf 89' lang='lat' dir='ltr'>nu·</span> 
     </span>
     <span class='ocr_line' id='line_1_12' title="bbox 78 1370 1090 1454; baseline 0 -19"><span class='ocrx_word' id='word_1_101' title='bbox 78 1392 204 1436; x_wconf 87' lang='lat' dir='ltr'>merum</span> <span class='ocrx_word' id='word_1_102' title='bbox 232 1375 266 1434; x_wconf 95' lang='lat' dir='ltr'><em>A</em></span> <span class='ocrx_word' id='word_1_103' title='bbox 289 1370 434 1453; x_wconf 73' lang='lat' dir='ltr'>metitur,</span> <span class='ocrx_word' id='word_1_104' title='bbox 463 1372 496 1433; x_wconf 79' lang='lat' dir='ltr'>ei</span> <span class='ocrx_word' id='word_1_105' title='bbox 522 1373 556 1434; x_wconf 89' lang='grc' dir='ltr'>Γ</span> <span class='ocrx_word' id='word_1_106' title='bbox 569 1393 578 1434; x_wconf 90' lang='lat'><strong>:</strong></span> <span class='ocrx_word' id='word_1_107' title='bbox 597 1373 631 1433; x_wconf 94' lang='lat' dir='ltr'><em>A</em></span> <span class='ocrx_word' id='word_1_108' title='bbox 650 1399 693 1423; x_wconf 89' lang='lat'>-·=</span> <span class='ocrx_word' id='word_1_109' title='bbox 712 1375 744 1434; x_wconf 95' lang='lat' dir='ltr'><em>A</em></span> <span class='ocrx_word' id='word_1_110' title='bbox 763 1392 771 1435; x_wconf 75' lang='grc' dir='ltr'><strong>ε</strong></span> <span class='ocrx_word' id='word_1_111' title='bbox 790 1375 831 1454; x_wconf 92' lang='grc' dir='ltr'>Θ,</span> <span class='ocrx_word' id='word_1_112' title='bbox 855 1371 955 1435; x_wconf 77' lang='lat' dir='ltr'>etiam</span> <span class='ocrx_word' id='word_1_113' title='bbox 978 1376 1010 1434; x_wconf 95' lang='lat' dir='ltr'><em>A</em></span> <span class='ocrx_word' id='word_1_114' title='bbox 1032 1393 1090 1436; x_wconf 90' lang='lat' dir='ltr'>nu·</span> 
     </span>
     <span class='ocr_line' id='line_1_13' title="bbox 80 1473 1089 1559; baseline 0.001 -19"><span class='ocrx_word' id='word_1_115' title='bbox 80 1497 204 1540; x_wconf 89' lang='lat' dir='ltr'>merum</span> <span class='ocrx_word' id='word_1_116' title='bbox 227 1479 257 1540; x_wconf 94' lang='grc' dir='ltr'>Θ</span> <span class='ocrx_word' id='word_1_117' title='bbox 278 1477 411 1540; x_wconf 76' lang='lat' dir='ltr'>metitur</span> <span class='ocrx_word' id='word_1_118' title='bbox 436 1473 513 1556; x_wconf 87' lang='lat' dir='ltr'>[VII</span> <span class='ocrx_word' id='word_1_119' title='bbox 533 1475 594 1540; x_wconf 88' lang='lat' dir='ltr'>def.</span> <span class='ocrx_word' id='word_1_120' title='bbox 612 1476 680 1556; x_wconf 81' lang='grc'><strong>20].</strong></span> <span class='ocrx_word' id='word_1_121' title='bbox 725 1497 824 1559; x_wconf 83' lang='lat' dir='ltr'>quare</span> <span class='ocrx_word' id='word_1_122' title='bbox 848 1477 948 1542; x_wconf 81' lang='lat' dir='ltr'>etiam</span> <span class='ocrx_word' id='word_1_123' title='bbox 978 1499 1089 1542; x_wconf 87' lang='lat' dir='ltr'>nume·</span> 
     </span>
     <span class='ocr_line' id='line_1_14' title="bbox 82 1579 993 1667; baseline 0.004 -23"><span class='ocrx_word' id='word_1_124' title='bbox 82 1603 156 1645; x_wconf 87' lang='lat' dir='ltr'>rum</span> <span class='ocrx_word' id='word_1_125' title='bbox 177 1579 239 1667; x_wconf 78' lang='lat'>13¹)</span> <span class='ocrx_word' id='word_1_126' title='bbox 263 1582 397 1647; x_wconf 75' lang='lat' dir='ltr'>metitur</span> <span class='ocrx_word' id='word_1_127' title='bbox 420 1587 453 1646; x_wconf 93' lang='lat' dir='ltr'><em>A</em></span> <span class='ocrx_word' id='word_1_128' title='bbox 460 1605 467 1665; x_wconf 82' lang='lat'>3</span> <span class='ocrx_word' id='word_1_129' title='bbox 492 1582 578 1666; x_wconf 88' lang='lat' dir='ltr'>quod</span> <span class='ocrx_word' id='word_1_130' title='bbox 601 1585 671 1646; x_wconf 76' lang='lat' dir='ltr'>eret</span> <span class='ocrx_word' id='word_1_131' title='bbox 694 1581 993 1648; x_wconf 79' lang='lat' dir='ltr'>demonstrandum.</span> 
     </span>
    </p>
   </div>
   <div class='ocr_carea' id='block_1_3' title="bbox 540 1775 628 1841">
    <p class='ocr_par' dir='ltr' id='par_1_4' title="bbox 540 1775 628 1841">
     <span class='ocr_line' id='line_1_15' title="bbox 540 1775 628 1841; baseline 0 -1"><span class='ocrx_word' id='word_1_132' title='bbox 540 1775 628 1841; x_wconf 92' lang='lat' dir='ltr'>XVI.</span> 
     </span>
    </p>
   </div>
   <div class='ocr_carea' id='block_1_4' title="bbox 76 1897 1093 3038">
    <p class='ocr_par' dir='ltr' id='par_1_5' title="bbox 146 1897 1092 1982">
     <span class='ocr_line' id='line_1_16' title="bbox 146 1897 1092 1982; baseline 0.004 -20"><span class='ocrx_word' id='word_1_133' title='bbox 146 1897 181 1962; x_wconf 85' lang='lat' dir='ltr'>Si</span> <span class='ocrx_word' id='word_1_134' title='bbox 209 1919 364 1965; x_wconf 78' lang='lat' dir='ltr'>numerus</span> <span class='ocrx_word' id='word_1_135' title='bbox 393 1899 569 1982; x_wconf 74' lang='lat' dir='ltr'><strong>quadratus</strong></span> <span class='ocrx_word' id='word_1_136' title='bbox 598 1897 791 1982; x_wconf 75' lang='lat' dir='ltr'><strong>quadratum</strong></span> <span class='ocrx_word' id='word_1_137' title='bbox 823 1920 994 1965; x_wconf 87' lang='lat' dir='ltr'>numerum</span> <span class='ocrx_word' id='word_1_138' title='bbox 1025 1922 1092 1966; x_wconf 91' lang='lat' dir='ltr'>non</span> 
     </span>
    </p>

    <p class='ocr_par' dir='ltr' id='par_1_6' title="bbox 76 2005 1092 2703">
     <span class='ocr_line' id='line_1_17' title="bbox 76 2005 1092 2090; baseline 0.004 -22"><span class='ocrx_word' id='word_1_139' title='bbox 76 2005 227 2087; x_wconf 73' lang='lat' dir='ltr'>metitur,</span> <span class='ocrx_word' id='word_1_140' title='bbox 255 2026 296 2068; x_wconf 91' lang='lat' dir='ltr'>ne</span> <span class='ocrx_word' id='word_1_141' title='bbox 325 2006 411 2069; x_wconf 76' lang='lat' dir='ltr'><strong>latus</strong></span> <span class='ocrx_word' id='word_1_142' title='bbox 436 2005 565 2088; x_wconf 87' lang='lat' dir='ltr'>quidem</span> <span class='ocrx_word' id='word_1_143' title='bbox 592 2006 679 2069; x_wconf 76' lang='lat' dir='ltr'><strong>latus</strong></span> <span class='ocrx_word' id='word_1_144' title='bbox 702 2005 869 2090; x_wconf 69' lang='lat' dir='ltr'>metietur,</span> <span class='ocrx_word' id='word_1_145' title='bbox 900 2009 933 2069; x_wconf 77' lang='lat' dir='ltr'>ei</span> <span class='ocrx_word' id='word_1_146' title='bbox 956 2006 984 2070; x_wconf 82' lang='lat' dir='ltr'>si</span> <span class='ocrx_word' id='word_1_147' title='bbox 1006 2007 1092 2072; x_wconf 77' lang='lat' dir='ltr'><strong>latus</strong></span> 
     </span>
     <span class='ocr_line' id='line_1_18' title="bbox 77 2109 1091 2196; baseline 0.004 -22"><span class='ocrx_word' id='word_1_148' title='bbox 77 2111 166 2175; x_wconf 75' lang='lat' dir='ltr'>lotus</span> <span class='ocrx_word' id='word_1_149' title='bbox 193 2132 260 2175; x_wconf 91' lang='lat' dir='ltr'>non</span> <span class='ocrx_word' id='word_1_150' title='bbox 287 2112 433 2194; x_wconf 66' lang='lat' dir='ltr'>metitur,</span> <span class='ocrx_word' id='word_1_151' title='bbox 463 2133 504 2175; x_wconf 89' lang='lat' dir='ltr'>ne</span> <span class='ocrx_word' id='word_1_152' title='bbox 532 2111 708 2196; x_wconf 73' lang='lat' dir='ltr'><strong>quadratus</strong></span> <span class='ocrx_word' id='word_1_153' title='bbox 736 2109 867 2194; x_wconf 87' lang='lat' dir='ltr'>quidem</span> <span class='ocrx_word' id='word_1_154' title='bbox 899 2111 1091 2194; x_wconf 76' lang='lat' dir='ltr'><strong>quadratum</strong></span> 
     </span>
     <span class='ocr_line' id='line_1_19' title="bbox 78 2217 241 2281; baseline 0.012 -2"><span class='ocrx_word' id='word_1_155' title='bbox 78 2217 241 2281; x_wconf 73' lang='lat' dir='ltr'>metietur.</span> 
     </span>
     <span class='ocr_line' id='line_1_20' title="bbox 76 2321 1088 2406; baseline 0.007 -25"><span class='ocrx_word' id='word_1_156' title='bbox 76 2333 275 2383; x_wconf 77' lang='grc' dir='ltr'>Αι--ι</span> <span class='ocrx_word' id='word_1_157' title='bbox 467 2321 540 2387; x_wconf 73' lang='lat' dir='ltr'>sint</span> <span class='ocrx_word' id='word_1_158' title='bbox 557 2322 683 2387; x_wconf 83' lang='lat' dir='ltr'>numeri</span> <span class='ocrx_word' id='word_1_159' title='bbox 702 2322 851 2406; x_wconf 79' lang='lat' dir='ltr'>quadroii</span> <span class='ocrx_word' id='word_1_160' title='bbox 865 2328 906 2406; x_wconf 90' lang='lat' dir='ltr'><em>A,</em></span> <span class='ocrx_word' id='word_1_161' title='bbox 924 2327 961 2405; x_wconf 88' lang='lat' dir='ltr'>B,</span> <span class='ocrx_word' id='word_1_162' title='bbox 984 2325 1088 2388; x_wconf 72' lang='lat' dir='ltr'>latera</span> 
     </span>
     <span class='ocr_line' id='line_1_21' title="bbox 77 2429 1092 2511; baseline 0.008 -24"><span class='ocrx_word' id='word_1_163' title='bbox 77 2439 109 2488; x_wconf 84' lang='grc' dir='ltr'>Βι</span> <span class='ocrx_word' id='word_1_164' title='bbox 351 2452 356 2489; x_wconf 77' lang='grc' dir='ltr'><em>ι</em></span> <span class='ocrx_word' id='word_1_165' title='bbox 399 2432 508 2495; x_wconf 69' lang='lat' dir='ltr'>eutem</span> <span class='ocrx_word' id='word_1_166' title='bbox 532 2450 643 2493; x_wconf 86' lang='lat' dir='ltr'>eorum</span> <span class='ocrx_word' id='word_1_167' title='bbox 666 2429 733 2492; x_wconf 76' lang='lat' dir='ltr'>sini</span> <span class='ocrx_word' id='word_1_168' title='bbox 757 2431 849 2511; x_wconf 91' lang='grc' dir='ltr'>Γ,Δ,</span> <span class='ocrx_word' id='word_1_169' title='bbox 872 2433 905 2493; x_wconf 75' lang='lat' dir='ltr'>ei</span> <span class='ocrx_word' id='word_1_170' title='bbox 927 2434 960 2492; x_wconf 97' lang='lat' dir='ltr'><em>A</em></span> <span class='ocrx_word' id='word_1_171' title='bbox 981 2451 1092 2495; x_wconf 89' lang='lat' dir='ltr'>nume·</span> 
     </span>
     <span class='ocr_line' id='line_1_22' title="bbox 78 2533 1092 2618; baseline 0.004 -24"><span class='ocrx_word' id='word_1_172' title='bbox 78 2543 225 2594; x_wconf 73' lang='lat' dir='ltr'>Fl———l</span> <span class='ocrx_word' id='word_1_173' title='bbox 400 2557 474 2599; x_wconf 87' lang='lat' dir='ltr'>rum</span> <span class='ocrx_word' id='word_1_174' title='bbox 492 2538 521 2599; x_wconf 87' lang='lat' dir='ltr'><em>B</em></span> <span class='ocrx_word' id='word_1_175' title='bbox 539 2555 580 2597; x_wconf 91' lang='lat' dir='ltr'>ne</span> <span class='ocrx_word' id='word_1_176' title='bbox 602 2533 764 2599; x_wconf 74' lang='lat' dir='ltr'>metiatur.</span> <span class='ocrx_word' id='word_1_177' title='bbox 802 2533 884 2616; x_wconf 82' lang='lat' dir='ltr'>dieo,</span> <span class='ocrx_word' id='word_1_178' title='bbox 907 2556 948 2598; x_wconf 92' lang='lat' dir='ltr'>ne</span> <span class='ocrx_word' id='word_1_179' title='bbox 970 2537 1004 2598; x_wconf 93' lang='grc' dir='ltr'>Γ</span> <span class='ocrx_word' id='word_1_180' title='bbox 1022 2535 1092 2618; x_wconf 90' lang='lat' dir='ltr'>qui-</span> 
     </span>
     <span class='ocr_line' id='line_1_23' title="bbox 78 2638 861 2703; baseline 0.001 -4"><span class='ocrx_word' id='word_1_181' title='bbox 78 2651 277 2699; x_wconf 72' lang='grc' dir='ltr'><strong><em>Δι--ι</em></strong></span> <span class='ocrx_word' id='word_1_182' title='bbox 401 2639 473 2703; x_wconf 90' lang='lat' dir='ltr'>dem</span> <span class='ocrx_word' id='word_1_183' title='bbox 495 2659 666 2701; x_wconf 88' lang='lat' dir='ltr'>numerum</span> <span class='ocrx_word' id='word_1_184' title='bbox 689 2642 723 2701; x_wconf 95' lang='lat' dir='ltr'><em>A</em></span> <span class='ocrx_word' id='word_1_185' title='bbox 745 2638 861 2701; x_wconf 75' lang='lat' dir='ltr'>metiri.</span> 
     </span>
    </p>

    <p class='ocr_par' dir='ltr' id='par_1_7' title="bbox 78 2742 1093 3038">
     <span class='ocr_line' id='line_1_24' title="bbox 147 2742 1093 2825; baseline -0.001 -18"><span class='ocrx_word' id='word_1_186' title='bbox 147 2765 225 2808; x_wconf 79' lang='lat' dir='ltr'>nain</span> <span class='ocrx_word' id='word_1_187' title='bbox 254 2745 282 2808; x_wconf 84' lang='lat' dir='ltr'>si</span> <span class='ocrx_word' id='word_1_188' title='bbox 309 2746 342 2808; x_wconf 99' lang='grc' dir='ltr'>Γ</span> <span class='ocrx_word' id='word_1_189' title='bbox 363 2765 534 2808; x_wconf 87' lang='lat' dir='ltr'>numerum</span> <span class='ocrx_word' id='word_1_190' title='bbox 563 2747 596 2804; x_wconf 97' lang='lat' dir='ltr'><em>A</em></span> <span class='ocrx_word' id='word_1_191' title='bbox 623 2742 769 2825; x_wconf 72' lang='lat' dir='ltr'>metitur,</span> <span class='ocrx_word' id='word_1_192' title='bbox 800 2743 899 2805; x_wconf 73' lang='lat' dir='ltr'>etiam</span> <span class='ocrx_word' id='word_1_193' title='bbox 927 2747 960 2805; x_wconf 97' lang='lat' dir='ltr'><em>A</em></span> <span class='ocrx_word' id='word_1_194' title='bbox 981 2763 1093 2807; x_wconf 90' lang='lat' dir='ltr'>nume-</span> 
     </span>
     <span class='ocr_line' id='line_1_25' title="bbox 79 2844 1092 2929; baseline -0.003 -17"><span class='ocrx_word' id='word_1_195' title='bbox 79 2870 152 2912; x_wconf 90' lang='lat' dir='ltr'>rum</span> <span class='ocrx_word' id='word_1_196' title='bbox 175 2853 204 2912; x_wconf 91' lang='grc' dir='ltr'><strong><em>Β</em></strong></span> <span class='ocrx_word' id='word_1_197' title='bbox 227 2848 381 2912; x_wconf 76' lang='lat' dir='ltr'>metietur</span> <span class='ocrx_word' id='word_1_198' title='bbox 405 2848 510 2929; x_wconf 88' lang='lat' dir='ltr'>[prop.</span> <span class='ocrx_word' id='word_1_199' title='bbox 529 2844 632 2926; x_wconf 90' lang='lat' dir='ltr'>XIV].</span> <span class='ocrx_word' id='word_1_200' title='bbox 678 2849 712 2909; x_wconf 80' lang='lat' dir='ltr'>ai</span> <span class='ocrx_word' id='word_1_201' title='bbox 735 2851 767 2908; x_wconf 94' lang='lat' dir='ltr'><em>A</em></span> <span class='ocrx_word' id='word_1_202' title='bbox 789 2865 958 2909; x_wconf 82' lang='lat' dir='ltr'>numerum</span> <span class='ocrx_word' id='word_1_203' title='bbox 978 2849 1007 2910; x_wconf 89' lang='lat' dir='ltr'><em>B</em></span> <span class='ocrx_word' id='word_1_204' title='bbox 1026 2867 1092 2911; x_wconf 91' lang='lat' dir='ltr'>non</span> 
     </span>
     <span class='ocr_line' id='line_1_26' title="bbox 78 2951 1093 3038; baseline 0 -22"><span class='ocrx_word' id='word_1_205' title='bbox 78 2954 223 3018; x_wconf 62' lang='lat' dir='ltr'>monitor.</span> <span class='ocrx_word' id='word_1_206' title='bbox 265 2973 343 3038; x_wconf 86' lang='lat' dir='ltr'>ergo</span> <span class='ocrx_word' id='word_1_207' title='bbox 375 2973 417 3017; x_wconf 89' lang='lat' dir='ltr'>ne</span> <span class='ocrx_word' id='word_1_208' title='bbox 439 2954 476 3015; x_wconf 86' lang='grc' dir='ltr'>Γ</span> <span class='ocrx_word' id='word_1_209' title='bbox 504 2951 634 3034; x_wconf 89' lang='lat' dir='ltr'>quidem</span> <span class='ocrx_word' id='word_1_210' title='bbox 660 2972 831 3015; x_wconf 88' lang='lat' dir='ltr'>numerum</span> <span class='ocrx_word' id='word_1_211' title='bbox 864 2955 898 3015; x_wconf 94' lang='lat' dir='ltr'><em>A</em></span> <span class='ocrx_word' id='word_1_212' title='bbox 930 2951 1093 3017; x_wconf 66' lang='lat' dir='ltr'>metietur.</span> 
     </span>
    </p>
   </div>
   <div class='ocr_carea' id='block_1_5' title="bbox 151 3143 448 3215">
    <p class='ocr_par' dir='ltr' id='par_1_8' title="bbox 151 3143 448 3215">
     <span class='ocr_line' id='line_1_27' title="bbox 151 3143 448 3215; baseline -0.007 -17"><span class='ocrx_word' id='word_1_213' title='bbox 151 3147 177 3215; x_wconf 93' lang='lat'>1)</span> <span class='ocrx_word' id='word_1_214' title='bbox 197 3143 251 3203; x_wconf 82' lang='lat' dir='ltr'>cfr.</span> <span class='ocrx_word' id='word_1_215' title='bbox 271 3162 298 3212; x_wconf 86' lang='lat' dir='ltr'>p.</span> <span class='ocrx_word' id='word_1_216' title='bbox 319 3149 371 3199; x_wconf 82' lang='lat'>313</span> <span class='ocrx_word' id='word_1_217' title='bbox 391 3145 448 3197; x_wconf 77' lang='lat' dir='ltr'>noi.</span> 
     </span>
    </p>
   </div>
   <div class='ocr_carea' id='block_1_6' title="bbox 81 3349 1117 3592">
    <p class='ocr_par' dir='ltr' id='par_1_9' title="bbox 81 3349 1117 3592">
     <span class='ocr_line' id='line_1_28' title="bbox 82 3349 1094 3426; baseline -0.007 -14"><span class='ocrx_word' id='word_1_218' title='bbox 82 3364 98 3413; x_wconf 82' lang='lat'>2</span> <span class='ocrx_word' id='word_1_219' title='bbox 118 3357 155 3424; x_wconf 93' lang='grc' dir='ltr'>Β,</span> <span class='ocrx_word' id='word_1_220' title='bbox 175 3373 229 3411; x_wconf 92' lang='lat' dir='ltr'>om.</span> <span class='ocrx_word' id='word_1_221' title='bbox 248 3356 309 3425; x_wconf 73' lang='lat' dir='ltr'>Vp.</span> <span class='ocrx_word' id='word_1_222' title='bbox 397 3360 437 3410; x_wconf 81' lang='lat'>19.</span> <span class='ocrx_word' id='word_1_223' title='bbox 457 3350 513 3426; x_wconf 82' lang='grc' dir='ltr'>μή]</span> <span class='ocrx_word' id='word_1_224' title='bbox 533 3371 617 3423; x_wconf 81' lang='lat' dir='ltr'>supro</span> <span class='ocrx_word' id='word_1_225' title='bbox 635 3353 668 3408; x_wconf 87' lang='lat' dir='ltr'>V.</span> <span class='ocrx_word' id='word_1_226' title='bbox 754 3359 797 3407; x_wconf 80' lang='lat'>22.</span> <span class='ocrx_word' id='word_1_227' title='bbox 816 3349 952 3425; x_wconf 73' lang='grc' dir='ltr'><strong><em>ἀριθμοί]</em></strong></span> <span class='ocrx_word' id='word_1_228' title='bbox 972 3371 1008 3406; x_wconf 89' lang='lat' dir='ltr'>m.</span> <span class='ocrx_word' id='word_1_229' title='bbox 1028 3359 1044 3406; x_wconf 77' lang='lat'><strong>2</strong></span> <span class='ocrx_word' id='word_1_230' title='bbox 1064 3354 1094 3420; x_wconf 88' lang='lat' dir='ltr'>B,</span> 
     </span>
     <span class='ocr_line' id='line_1_29' title="bbox 81 3418 1101 3496; baseline -0.009 -14"><span class='ocrx_word' id='word_1_231' title='bbox 81 3445 137 3483; x_wconf 88' lang='lat' dir='ltr'>om.</span> <span class='ocrx_word' id='word_1_232' title='bbox 157 3427 218 3495; x_wconf 72' lang='lat' dir='ltr'>Vp.</span> <span class='ocrx_word' id='word_1_233' title='bbox 310 3432 352 3481; x_wconf 80' lang='lat'>23.</span> <span class='ocrx_word' id='word_1_234' title='bbox 372 3423 427 3496; x_wconf 79' lang='grc' dir='ltr'>μή]</span> <span class='ocrx_word' id='word_1_235' title='bbox 452 3442 537 3494; x_wconf 78' lang='lat' dir='ltr'>supra</span> <span class='ocrx_word' id='word_1_236' title='bbox 555 3425 588 3480; x_wconf 88' lang='lat' dir='ltr'>V.</span> <span class='ocrx_word' id='word_1_237' title='bbox 679 3430 723 3480; x_wconf 82' lang='lat'>24.</span> <span class='ocrx_word' id='word_1_238' title='bbox 746 3423 817 3492; x_wconf 76' lang='grc' dir='ltr'>λέγω</span> <span class='ocrx_word' id='word_1_239' title='bbox 841 3422 875 3478; x_wconf 77' lang='grc' dir='ltr'>δέ</span> <span class='ocrx_word' id='word_1_240' title='bbox 898 3425 931 3478; x_wconf 84' lang='lat' dir='ltr'>P.</span> <span class='ocrx_word' id='word_1_241' title='bbox 967 3418 1031 3476; x_wconf 58' lang='grc' dir='ltr'>οὐδ’</span> <span class='ocrx_word' id='word_1_242' title='bbox 1056 3424 1101 3473; x_wconf 67' lang='lat'>¹1.</span> 
     </span>
     <span class='ocr_line' id='line_1_30' title="bbox 82 3481 1117 3592; baseline -0.013 -40"><span class='ocrx_word' id='word_1_243' title='bbox 82 3493 288 3570; x_wconf 56' lang='grc' dir='ltr'><strong><em>μετρήσειῖφ.</em></strong></span> <span class='ocrx_word' id='word_1_244' title='bbox 343 3502 443 3567; x_wconf 76' lang='grc' dir='ltr'><em>μετρεῖ</em></span> <span class='ocrx_word' id='word_1_245' title='bbox 452 3525 485 3537; x_wconf 91' lang='grc'><strong>-</strong></span> <span class='ocrx_word' id='word_1_246' title='bbox 501 3501 549 3554; x_wconf 73' lang='lat'>25:</span> <span class='ocrx_word' id='word_1_247' title='bbox 564 3492 616 3553; x_wconf 82' lang='grc' dir='ltr'>τὸν</span> <span class='ocrx_word' id='word_1_248' title='bbox 633 3495 678 3570; x_wconf 60' lang='lat' dir='ltr'><em>A]</em></span> <span class='ocrx_word' id='word_1_249' title='bbox 688 3513 749 3567; x_wconf 68' lang='lat' dir='ltr'>mg.</span> <span class='ocrx_word' id='word_1_250' title='bbox 761 3513 805 3549; x_wconf 74' lang='lat' dir='ltr'>ni.</span> <span class='ocrx_word' id='word_1_251' title='bbox 816 3500 839 3548; x_wconf 62' lang='lat' dir='ltr'>i</span> <span class='ocrx_word' id='word_1_252' title='bbox 849 3495 887 3548; x_wconf 62' lang='grc' dir='ltr'>ἓ.</span> <span class='ocrx_word' id='word_1_253' title='bbox 938 3497 993 3543; x_wconf 60' lang='lat' dir='ltr'>nn.</span> <span class='ocrx_word' id='word_1_254' title='bbox 1004 3481 1117 3592; x_wconf 52' lang='lat' dir='ltr'>ow}</span> 
     </span>
    </p>
   </div>
   <div class='ocr_carea' id='block_1_7' title="bbox 0 0 1178 3818">
    <p class='ocr_par' dir='ltr' id='par_1_10' title="bbox 0 0 1178 3818">
     <span class='ocr_line' id='line_1_31' title="bbox 0 0 1178 3818; baseline 0 0"><span class='ocrx_word' id='word_1_255' title='bbox 0 0 1178 3818; x_wconf 95' lang='lat' dir='ltr'> </span> 
     </span>
    </p>
   </div>
  </div>
 </body>
</html>
