2348 3818
89 165 152 228 εον
465 108 726 219 &omnen

87 313 191 374 ΑΒΓ
223 312 401 394 τρίγωνον·
449 305 606 394 ἑκάτερον
643 304 709 395 άρα
749 312 817 376 τών
853 309 971 395 ΑΒΔ,
998 316 1030 375 A
1038 311 1107 375 ΔΓ

90 412 289 500 [τριγώνων]
316 411 435 499 ὅμοιόν
460 415 550 480 ἐστιν
575 413 643 502 ὅλῳ
666 415 711 506 τῷ
736 418 843 482 ΑΒΓ.

154 520 251 605 Λέγω
276 517 334 605 δή,
360 519 411 587 ὅτι
432 518 489 586 καὶ
512 515 670 605 ἀλληλοις
692 519 784 587 ἐστὶν
808 520 907 607 ὅμοια
925 518 965 588 τά
986 526 1104 605 ΑΒΔ,

88 630 200 692 ΑΔΓ
217 629 372 711 τρίγωνα.

53 744 69 793 5
153 729 243 799 Ἐπεὶ
265 729 330 820 γάρ
355 729 444 819 ὀρθὴ
469 729 490 818 ἡ
514 729 581 800 ὑπὸ
604 736 711 818 MA
735 730 825 821 ὀρθῇ
849 736 890 822 τῇ
912 728 978 800 ὑπὸ
998 737 1109 801 ΑΔΓ

88 839 180 906 ἐστιν
203 846 274 925 ἴση,
297 836 383 905 ἀλλὰ
406 835 473 925 μὴν
495 838 552 905 καὶ
573 834 594 925 ἡ
619 835 685 907 ὑπὸ
710 846 815 907 ΒΑΔ
837 842 877 928 τῇ
900 837 984 926 πρὸς
1005 842 1053 931 τῷ
1078 843 1109 907 Γ

90 946 226 1032 ἐδείχθη
256 952 327 1031 ίση,
354 943 411 1011 καὶ
440 940 539 1030 λοιπὴ
567 941 634 1032 άρα
660 941 681 1031 ἡ
710 943 793 1029 πρὸς
816 948 862 1038 τῷ
886 953 915 1013 Β
938 947 1038 1033 λοιπῇ
1063 947 1105 1032 τῇ

89 1047 291 1139 ὑπὸ-ΔΑΓ
314 1053 404 1118 ἐστιν
432 1058 501 1136 ἴση·
534 1050 716 1136 ἰσογώνιον
744 1049 810 1139 άρα
833 1051 903 1119 ἐστὶ
931 1050 968 1119 τὸ
997 1058 1106 1118 ΑΒΔ

88 1161 257 1244 τρίγωνον
284 1158 329 1248 τῷ
359 1161 468 1224 ΑΔΓ
490 1155 652 1249 τριγώνῳ.
698 1161 789 1224 ἔστιν
823 1155 890 1245 άρα
917 1153 961 1237 ώς
988 1153 1009 1243 ἡ
1035 1164 1107 1225 ΒΔ

38 1274 71 1323 10
89 1267 149 1331 τοὺ
174 1270 280 1330 ΑΒΔ
301 1261 468 1349 τριγώνου
487 1260 711 1332 ὑποτείνουσα
728 1262 791 1351 τὴν
809 1260 877 1331 ὑπὸ
897 1270 962 1331 ΒΑ
968 1270 1002 1330 Δ
1019 1260 1108 1350 πρὸς

87 1368 150 1455 τὴν
176 1377 246 1435 ΔΑ
268 1372 329 1435 τοῦ
347 1374 456 1436 ΑΔΓ
473 1368 642 1455 τριγώνου
664 1366 911 1437 ὑποτείνουσαν
932 1367 996 1455 τὴν
1019 1366 1108 1454 πρὸς

87 1476 133 1564 τῷ
162 1478 194 1539 Γ
218 1481 296 1561 ίσην
322 1478 362 1564 τῇ
390 1471 457 1544 ὑπὸ
486 1483 606 1561 ΒΑΔ,
638 1476 746 1556 οὕτως
776 1474 860 1562 αὐτὴ
894 1472 1010 1562 ηΑΔ
1041 1479 1105 1544 τοῦ

88 1588 195 1650 ΑΒΔ
226 1581 393 1671 τριγώνου
424 1580 649 1651 ὑποτείνουσα
684 1580 747 1669 τὴν
784 1580 868 1669 πρὸς
899 1585 945 1673 τῷ
976 1588 1004 1648 Β
1038 1608 1107 1668 γω-

88 1693 167 1758 νίαν
190 1689 274 1778 πρὸς
296 1689 359 1777 τὴν
384 1695 455 1758 ΔΓ
473 1688 719 1757 ὑποτείνουσαν
742 1689 804 1775 τὴν
827 1685 893 1757 ὑπὸ
919 1693 1028 1756 ΔΑΓ
1042 1691 1108 1756 τοῦ

36 1803 70 1852 15
89 1802 198 1863 ΑΔΓ
220 1795 388 1884 τριγώνου
416 1805 494 1882 ίσην
521 1801 560 1884 τῇ
589 1793 673 1884 πρὸς
698 1799 744 1887 τῷ
768 1802 812 1881 Β,
842 1795 898 1862 καὶ
921 1798 969 1861 ἔτι
992 1790 1013 1880 ἡ
1038 1801 1110 1862 ΒΑ

88 1900 172 1990 πρὸς
199 1901 261 1989 τὴν
289 1908 359 1969 ΑΓ
383 1899 620 1969 ὑποτείνουσαι
647 1901 706 1980 τάς
734 1899 854 1989 ὀρθάς·
887 1901 1006 1987 ὅμοιον
1038 1897 1109 1988 άρα

89 2007 159 2075 ἐστὶ
182 2006 219 2074 τὸ
244 2014 353 2074 ΑΒΔ
375 2010 541 2093 τρίγωνον
564 2010 610 2096 τῷ
635 2013 743 2074 ΑΔΓ
762 2005 923 2098 τριγώνῳ.

152 2110 233 2179 Ἐάν
260 2110 328 2199 άρα
358 2113 394 2179 ἐν
419 2109 619 2203 ὀρθογωνίῳ
647 2113 800 2205 τριγώνῳ
824 2111 890 2181 άπὸ
913 2115 972 2198 τῆς
994 2109 1109 2200 ὀρθῆς

89 2221 214 2304 γωνίας
247 2216 298 2284 ἐπὶ
332 2215 394 2302 τὴν
425 2215 527 2302 βάσιν
558 2217 703 2297 κάθετος
734 2217 836 2307 ἀχθῇ,
868 2217 908 2286 τὰ
945 2217 1032 2307 πρὸς
1064 2223 1107 2308 τῇ

36 2333 71 2382 20
89 2323 222 2414 καθέτῳ
244 2327 392 2410 τρίγωνα
415 2323 516 2410 ὅμοιά
539 2326 676 2416 ἐστιτῷ
699 2349 735 2392 τε
758 2324 825 2416 ὅλῳ
858 2323 914 2391 καὶ
944 2320 1108 2411 ἀλλήλοις

93 2430 188 2516 [ὅπερ
212 2432 281 2496 ἔδει
304 2429 431 2511 deceat}

499 2622 691 2710 Πόρισμα.

154 2746 209 2814 Ἐκ
237 2747 279 2834 δὴ
307 2745 431 2815 τούτου
458 2745 624 2834 φανερόν,
658 2747 710 2816 ὅτι
742 2746 802 2815 ἐάν
835 2749 871 2815 ἐν
900 2718 1107 2842 ὀρθογωνίῳ

91 2853 243 2944 τριγώνῳ
267 2850 332 2921 άπὸ
357 2857 416 2939 τῆς
439 2840 546 2940 ὀρθῆς
568 2855 733 2939 γωνίαςέ
717 2852 770 2920 ἐπὶ
792 2879 855 2940 την
877 2853 978 2939 βάσιν
1002 2854 1108 2924 πάθε

37 2975 70 3025 25
92 2986 148 3041 τος
183 2957 289 3048 άχθῄ,
326 2956 346 3045 ἡ
385 2956 528 3045 άχθεῖσα
564 2963 632 3026 τών
668 2963 728 3047 τῆς
764 2959 893 3045 βάσεως
924 2961 1108 3048 τμημάτων

90 3067 175 3220 μέση
205 3063 377 3150 άνάίογόν
408 3065 560 3131 ἐστιν·“
540 3088 621 3153 οπερ
650 3069 719 3133 ἔδει
749 3067 855 3146 δεῖξαι
879 3064 949 3150 [καὶ
972 3070 1020 3133 ἔτι
1049 3072 1110 3154 τῆς

108 3211 304 3219 .--.--.

165 3276 350 3362 ιτρίγωνον]
366 3293 420 3331 om
441 3277 522 3347 BFp.
596 3283 621 3332 2.
641 3274 796 3363 τριγώνων]
816 3293 870 3332 om
894 3278 924 3332 Ρ.
1003 3272 1108 3348 ὅμοιόν

92 3345 168 3404 ἐστιν
198 3343 265 3419 ὅλῳ]
295 3365 348 3402 om
377 3348 410 3402 V.
497 3351 579 3402 ΑΒΓ
602 3343 726 3421 τριγώνῳ
755 3342 855 3420 ὀίῳ”
839 3344 939 3419 ομοιόν
967 3343 1044 3403 ἔστιν
1070 3349 1104 3403 V

128 3425 153 3474 5
178 3421 276 3491 ΒΔΑ]
302 3423 324 3471 Β
349 3434 363 3471 e
388 3435 457 3474 corr
481 3438 518 3472 m
542 3420 616 3475 2V.
690 3425 713 3474 7.
733 3403 828 3506 λοιπη]
852 3435 921 3473 corr.
947 3435 981 3473 ex
1004 3420 1106 3488 λοιπῆς

83 3497 161 3543 ml
179 3489 209 3546 F.
286 3496 310 3545 8
331 3483 407 3562 ἔστί]
428 3484 503 3545 ἔστιν
522 3489 579 3547 ΡΒ
654 3496 695 3544 11.
714 3509 765 3558 την
780 3474 897 3561 ΔΑῙτη
913 3490 1015 3557 ΔΑΒ
1035 3507 1106 3545 corr.
