2348 3818
108 151 173 216 170
484 152 685 206 ΣΤΟΙΧΕΙΩΝ
703 148 743 206 ς’.

106 296 173 369 ΑΞ
200 302 275 360 ίσον
307 292 375 360 ἐστὶ
406 297 451 382 τῷ
484 300 596 361 ΦΧΨ
625 292 785 380 γνώμονι.
840 289 925 360 ἀλλὰ
957 289 977 359 ὁ
1011 298 1084 361 ΦΧ
1091 299 1130 359 Ψ

105 397 250 485 γνώμων
272 402 318 488 τῷ
341 403 374 465 Γ
392 405 464 478 ίσος
488 401 592 467 ἐστίν·
615 399 672 466 καί
694 398 732 467 τὸ
756 402 825 476 ΑΞ
844 396 910 486 ἄρα
931 399 978 488 τῷ
996 402 1030 465 Γ
1047 407 1125 466 ίσον

106 506 205 572 ἐστίν.
319 514 323 521 ’
397 587 398 590 ¹

171 608 272 698 Παρὰ
306 607 368 697 τὴν
406 614 570 679 δοθεῖσαν
603 609 669 700 ἄρα
706 608 846 678 εὐθεῖαν
881 607 944 696 τὴν
976 615 1045 676 ΑΒ
1078 614 1124 700 τῷ

71 716 243 782 οβοθέντι
271 713 499 804 εὐθυγράμμῳ
526 722 574 809 τῷ
600 722 632 784 Γ
661 725 737 785 ίσον
768 713 1124 804 παραλληλόγραμμον

104 821 351 908 παραβέβληται
382 820 419 890 τὸ
455 826 522 900 ΑΞ
551 821 763 910 ὑπερβάλλον
797 826 881 889 εἴδει
912 828 1125 907 παραλληλο·

104 925 243 1018 γράμμῳ
267 933 313 1019 τῷ
336 935 407 996 ΠΟ
430 925 534 1020 ὁμοίῳ
564 927 636 996 ὄντι
659 932 705 1019 τῷ
731 937 779 1014 Δ,
808 927 877 995 ἐπεὶ
906 926 1032 1016 καὶτῷ
1056 934 1125 994 ΒΛ

105 1034 194 1101 ἐστιν
219 1034 338 1120 ὅμοιον
360 1033 397 1101 τὸ
425 1040 506 1101 ΟΠ·
531 1032 613 1122 ὅπερ
637 1037 704 1101 ἔδει
727 1044 874 1120 ποιῆσαι.

590 1225 633 1295 λ’.

52 1364 85 1412 10
174 1347 253 1433 Τὴν
276 1351 469 1417 δοθεῖσαν
489 1349 654 1418 εὐθεῖαν
672 1349 973 1437 πεπερασμένην
991 1346 1124 1436 ἄκρον

103 1451 169 1517 καὶ
192 1454 313 1537 μέσον
336 1453 457 1539 λόγον
481 1467 623 1541 τεμεῖν.

161 1555 270 1627 Ἔστω
300 1556 321 1645 ἡ
351 1563 492 1628 δοθεῖσα
517 1558 634 1628 εὐθεῖα
656 1561 885 1649 πεπερασμένη
913 1557 934 1647 ἡ
959 1565 1042 1627 AB·
1067 1563 1124 1627 δεῖ

104 1661 145 1751 δὴ
174 1663 236 1750 τὴν
266 1671 332 1732 ΑΒ
360 1663 499 1734 εὐθεῖαν
528 1665 633 1754 ἄκρον
660 1665 717 1732 ναὶ
745 1665 848 1750 μέσον
870 1663 975 1752 λόγον
996 1678 1126 1752 τεμεῖν.

151 1767 430 1861 ,Ἀναγεγράφθω
465 1770 530 1840 ἀπὸ
561 1776 619 1858 τῆς
646 1778 712 1839 ΑΒ
738 1771 950 1859 τετράγωνον
977 1769 1016 1838 τὸ
1047 1776 1125 1857 ΒΓ,

52 1894 85 1942 15
103 1876 159 1943 καὶ
186 1877 454 1965 παραβεβλήσθω
482 1875 571 1964 παρὰ
599 1878 662 1964 τὴν
691 1881 818 1968 ΑΓτῷ
842 1882 909 1944 ΒΓ
932 1884 1008 1944 ίσον
1038 1900 1127 1966 παρ-

103 1981 383 2070 αλληλόγραμμον
420 1979 457 2048 τὸ
499 1987 563 2048 ΓΔ
598 1979 810 2070 ὑπερβάλλον
847 1986 929 2050 είὸει
963 1985 1010 2073 τῷ
1050 1992 1127 2051 ΑΔ

103 2084 207 2175 ὁμοίῳ
231 2092 277 2178 τῷ
301 2092 371 2154 ΒΓ.

174 2191 392 2278 Τετράγωνον
416 2194 456 2260 δέ
477 2191 606 2261 ἔστιτὸ
630 2199 704 2262 ΒΓ·
726 2191 938 2282 τετράγωνον
962 2191 1031 2281 ἄρα
1051 2195 1126 2262 ἐστὶ

102 2295 158 2361 καὶ
189 2293 227 2363 τὸ
260 2304 340 2365 ΑΔ.
394 2299 450 2365 καὶ
486 2299 555 2367 ἐπεὶ
593 2307 669 2369 ίσον
702 2300 770 2368 ἐστὶ
801 2297 839 2368 τὸ
871 2304 939 2368 ΒΓ
965 2302 1012 2390 τῷ
1047 2306 1126 2386 ΓΔ,

50 2429 83 2478 20
101 2399 219 2470 κοινὸν
243 2400 435 2493 ἀφῃρήσθω
458 2402 496 2474 τὸ
520 2412 596 2474 ΓΕ·
623 2403 744 2475 λοιπὸν
772 2404 838 2495 ἄρα
864 2404 902 2474 τὸ
926 2411 987 2473 ΒΖ
1011 2410 1125 2496 λοιπῷ

102 2513 147 2602 τῷ
176 2518 247 2577 ΑΔ
277 2512 367 2578 ἐστιν
400 2520 484 2580 ίσον.
535 2517 604 2581 ἔστι
638 2511 676 2581 δὲ
708 2509 797 2602 αὐτῷ
829 2512 886 2579 καὶ
918 2510 1122 2597 ἰσογώνιον·

100 2619 168 2685 τῶν
201 2624 276 2702 ΒΖ,
305 2626 377 2685 ΑΛ
408 2619 474 2706 ἄρα
506 2616 794 2687 ἀντιπεπόνθασιν
831 2621 869 2685 αί
902 2618 1048 2705 πλευραὶ
1084 2620 1127 2685 αἱ

101 2724 176 2807 περὶ
198 2721 257 2802 τὰς
280 2732 353 2804 ίσας
376 2731 513 2810 γωνίας·
537 2729 627 2792 ἔστιν
651 2723 716 2811 ἄρα
740 2721 786 2804 ὡς
808 2720 829 2809 ἡ
855 2731 920 2792 ΖΒ
940 2719 1028 2809 πρὸς
1055 2720 1123 2810 τήν

102 2834 184 2912 ΕΔ,
209 2829 316 2907 οὕτως
338 2825 359 2913 ἡ
384 2837 452 2896 ΑΒ
472 2829 556 2915 πρὸς
577 2829 640 2916 τὴν
667 2836 735 2898 ΕΒ.
782 2837 836 2915 ἴση
861 2828 899 2897 δὲ
922 2825 942 2913 ἡ
967 2826 1032 2914 μὲν
1056 2832 1127 2897 ΖΕ

50 2935 142 3019 25τῇ
161 2939 238 3016 ΑΒ,
260 2929 281 3017 ἡ
306 2931 344 3000 δὲ
367 2940 436 3000 ΕΔ
458 2939 497 3023 τῇ
522 2943 596 3003 ΑΕ.
636 2940 726 3003 ἔστιν
750 2932 816 3022 ἄρα
840 2930 885 3013 ὡς
907 2931 928 3021 ἡ
948 2939 1015 3001 ΒΑ
1034 2932 1122 3018 πρὸς

173 3130 197 3180 1.
217 3119 279 3178 ἄλλ’
299 3125 329 3180 Β.
385 3131 410 3180 2.
430 3127 505 3199 λ’σος]
526 3129 710 3197 ίσονφ(ωοιι
722 3127 763 3197 Β).
818 3122 957 3199 ἒστίν]Β,
976 3142 1121 3217 ποιημρς

103 3191 164 3250 ἔστί
178 3195 266 3250 PBV.
348 3202 372 3251 3.
394 3191 455 3250 ἐστί
469 3197 500 3252 B.
577 3205 602 3253 4.
622 3194 690 3270 ἄρα]
711 3215 795 3268 supra
813 3214 903 3268 comp.
922 3197 953 3253 F.
991 3193 1120 3255 εὐθεῖαν

102 3262 203 3322 ἐστιλ.
277 3272 301 3321 7.
320 3265 375 3339 τῷ]
392 3267 463 3338 (alt.)
477 3266 509 3324 τό
529 3267 558 3335 F,
575 3270 603 3323 ελ
617 3269 650 3336 V,
670 3287 738 3324 corr.
753 3287 789 3325 m.
805 3275 830 3324 λ.
904 3275 929 3324 9.
947 3264 1012 3340 λεί]
1032 3289 1066 3340 p3
1086 3268 1118 3338 F,

102 3338 151 3392 sed
170 3353 238 3392 corr.
259 3355 295 3390 m.
314 3353 368 3391 τεο.
460 3344 502 3394 11.
521 3340 627 3411 τεμεῖν]
649 3356 802 3409 suprascr.
822 3359 838 3393 ν
856 3359 893 3394 m.
915 3346 929 3394 1
947 3340 978 3396 F.
1075 3347 1116 3395 14.

100 3404 155 3478 γὰρ
174 3402 232 3462 ἄτό
251 3406 316 3462 FV.
362 3407 429 3461 Post
447 3413 496 3461 AB
515 3426 568 3464 rae.
587 3427 691 3479 magna
709 3411 739 3465 F.
832 3410 1117 3482 15.A1']00rr.01

91 3477 287 3534 Msz.
354 3480 832 3552 20.BZ]cort.exBPm.1p.
896 3478 1114 3555 21.τβ]τὸφ
