2310 3824
334 153 609 204 mammonam
626 154 735 205 amma
753 155 813 204 vn.
1018 152 1083 218 195

62 294 217 377 metitur,
247 295 346 360 eiiam
373 297 413 359 H
431 295 566 359 metitur
589 299 661 361 ΒΕ.
707 318 820 361 uerum
849 296 948 361 eiiam
976 300 1083 361 totum

61 405 132 465 BA
162 400 303 465 metitur.
360 423 459 485 quare
494 400 593 465 eiiam
624 401 784 484 reliquum
816 406 886 465 ΑΕ
921 403 1081 469 metietur.

64 506 124 572 sed
148 510 218 571 ΑΕ
238 506 372 571 meiiiur
395 511 469 571 ΛΖ.
517 529 616 591 quare
644 508 745 572 eiiam
766 511 806 571 H
829 508 982 573 metietur
1006 513 1039 573 A
1046 513 1082 574 Z.

62 635 179 678 uerum
208 612 308 677 etiam
335 617 442 677 totum
473 616 543 677 ΛΓ
566 614 708 678 metitur.
754 635 853 698 quare
881 615 980 680 etiam
1008 616 1081 680 reli-

61 741 166 804 quum
193 721 254 783 ΓΖ
282 720 436 783 metietur
464 721 567 785 maior
596 721 766 804 minorem3
797 720 883 804 quod
912 720 983 785 fieri
1014 744 1081 786 non

61 828 184 911 potest.
227 845 303 910 ergo
323 846 475 890 numeros
494 831 571 905 AB,
590 829 651 891 ΓΛ
670 848 736 891 non
755 826 908 889 metietur
926 847 1079 891 numerus

60 933 167 998 maior
189 952 323 996 numero
347 933 417 995 ΓΖ.
464 954 541 1017 ergo
565 936 626 997 ΓΖ
654 933 796 996 maxima
825 936 875 995 esa
898 933 1078 997 communis

61 1060 217 1104 mensura
239 1059 446 1101 numerorum
469 1044 547 1122 AB,
568 1041 637 1104 ΓΔ.

433 1250 704 1317 Corollarium.

132 1375 216 1441 Hinc
244 1376 453 1440 manifestum
482 1379 545 1458 esi,
578 1362 606 1439 si
632 1397 784 1440 numerus
813 1375 893 1440 duos
925 1396 1078 1439 numeros

66 1480 230 1566 metiatur,
272 1504 346 1546 eum
387 1483 484 1547 etiam
527 1482 701 1545 maximam
739 1504 851 1547 eorum
892 1503 1078 1547 mensuram

61 1607 265 1651 communem
298 1610 486 1653 mensurum
520 1586 626 1672 asaal)
659 1623 695 1633 -
728 1587 814 1670 quod
847 1591 916 1651 erat
948 1589 1078 1652 demon-

60 1693 240 1758 strandum.

541 1815 599 1880 III.

127 1939 223 2004 Datis
241 1942 345 2006 tribus
363 1941 508 2006 numeris
527 1962 594 2006 non
611 1940 725 2025 primis
746 1940 831 2003 inter
851 1961 884 2003 se
904 1939 1079 2003 maximam

59 2069 252 2112 mensuram
275 2069 479 2112 communem
502 2047 658 2111 inuenire.

584 2151 657 2217 sint
680 2156 747 2217 ires
771 2153 898 2217 numeri
918 2152 986 2216 dati
1009 2173 1076 2217 non

517 2259 613 2344 primi
626 2260 712 2323 inier
727 2280 761 2322 se
776 2264 818 2340 A,
833 2262 923 2343 B,·F.
947 2262 1077 2346 oporiet

433 2418 452 2424 -
514 2366 616 2450 igitur
656 2386 863 2428 numerorum
900 2371 948 2447 A,
976 2369 1019 2450 B,
1048 2368 1080 2428 Γ

214 2492 240 2542 Γ
308 2488 327 2495 ’
361 2453 380 2459 -
454 2509 475 2559 Z
515 2472 690 2536 maximam
723 2493 905 2536 mensuram
935 2493 1076 2535 eommu-

92 2639 111 2646 -
164 2639 183 2646 -
236 2640 255 2647 -
308 2497 380 2646 4,
432 2639 451 2645 ,
513 2599 588 2641 nem
612 2577 769 2641 inuenire.

126 2689 272 2750 sumatur
300 2687 386 2749 enim
411 2685 546 2750 duorum
569 2705 777 2748 numerorum
805 2690 852 2766 A,
875 2686 904 2745 Β
935 2680 1076 2744 maxima

58 2811 211 2854 mensura
234 2791 412 2856 communis
438 2796 471 2853 A
495 2793 599 2879 [prop.
618 2788 674 2871 II].
721 2793 754 2852 A
778 2788 880 2872 igitur
903 2790 959 2850 aui
981 2788 1075 2853 meii-

57 2901 112 2961 tur
148 2899 181 2960 Γ
214 2902 270 2963 aut
301 2919 366 2962 non
399 2897 542 2960 metitur.
596 2895 686 2979 prius
722 2895 885 2959 metiatur.
941 2894 1075 2958 metitur

57 3007 168 3067 autem
194 3003 294 3069 etiam
318 3008 359 3087 A,
377 3007 415 3068 B.
459 3008 492 3066 Δ
516 3001 617 3086 igitur
639 3021 792 3065 numeros
816 3006 858 3086 A,
876 3003 915 3084 B,
933 3003 966 3064 Γ
984 3000 1074 3064 meii-

130 3234 156 3299 1)
175 3229 249 3284 Nam
274 3234 304 3282 H
324 3232 354 3283 et
376 3234 442 3298 AB,
468 3233 518 3282 ΓΔ
541 3231 571 3283 ei
595 3245 769 3284 communem
798 3244 894 3282 eorum
916 3242 1074 3282 mensuram

57 3302 211 3356 maximam
233 3303 284 3355 ΓΖ
301 3300 417 3356 metitur
436 3304 474 3370 (p.
496 3306 560 3367 194,
579 3301 614 3369 ὁ).
