<?xml version="1.0" encoding="UTF-8"?>
<!DOCTYPE html PUBLIC "-//W3C//DTD XHTML 1.0 Transitional//EN"
    "http://www.w3.org/TR/xhtml1/DTD/xhtml1-transitional.dtd">
<html xmlns="http://www.w3.org/1999/xhtml" xml:lang="en" lang="en">
 <head>
  <title>
</title>
<meta http-equiv="Content-Type" content="text/html;charset=utf-8" />
  <meta name='ocr-system' content='tesseract 3.04.00' />
  <meta name='ocr-capabilities' content='ocr_page ocr_carea ocr_par ocr_line ocrx_word'/>
</head>
<body>
  <div class='ocr_page' id='page_1' title='image "./euclidisoperaom15unkngoog_0425.png"; bbox 0 0 2348 3818; ppageno 0'>
   <div class='ocr_carea' id='block_1_1' title="bbox 99 149 166 214">
    <p class='ocr_par' dir='ltr' id='par_1_1' title="bbox 99 149 166 214">
     <span class='ocr_line' id='line_1_1' title="bbox 99 149 166 214; baseline 0.03 -2"><span class='ocrx_word' id='word_1_1' title='bbox 99 149 166 214; x_wconf 83' lang='lat'><em>404</em></span> 
     </span>
    </p>
   </div>
   <div class='ocr_carea' id='block_1_2' title="bbox 98 326 1126 647">
    <p class='ocr_par' dir='ltr' id='par_1_2' title="bbox 98 326 1126 647">
     <span class='ocr_line' id='line_1_2' title="bbox 577 326 644 396; baseline 0.03 -2"><span class='ocrx_word' id='word_1_2' title='bbox 577 326 644 396; x_wconf 80' lang='grc' dir='ltr'><em>λδ’.</em></span> 
     </span>
     <span class='ocr_line' id='line_1_3' title="bbox 162 447 1126 538; baseline 0.005 -21"><span class='ocrx_word' id='word_1_3' title='bbox 162 447 250 518; x_wconf 85' lang='grc' dir='ltr'><em>Ἐάν</em></span> <span class='ocrx_word' id='word_1_4' title='bbox 278 448 453 538; x_wconf 86' lang='grc' dir='ltr'><em>ἀριθμὸς</em></span> <span class='ocrx_word' id='word_1_5' title='bbox 475 451 569 538; x_wconf 86' lang='grc' dir='ltr'><em>μήτε</em></span> <span class='ocrx_word' id='word_1_6' title='bbox 596 454 672 518; x_wconf 78' lang='grc' dir='ltr'><em>τῶν</em></span> <span class='ocrx_word' id='word_1_7' title='bbox 695 449 769 519; x_wconf 88' lang='grc' dir='ltr'><em>ἀιτδ</em></span> <span class='ocrx_word' id='word_1_8' title='bbox 800 452 950 530; x_wconf 87' lang='grc' dir='ltr'><em>δυάδος</em></span> <span class='ocrx_word' id='word_1_9' title='bbox 978 457 1126 522; x_wconf 80' lang='grc' dir='ltr'><em>διαλα-</em></span> 
     </span>
     <span class='ocr_line' id='line_1_4' title="bbox 98 549 1125 647; baseline 0.004 -23"><span class='ocrx_word' id='word_1_10' title='bbox 98 557 345 643; x_wconf 80' lang='grc' dir='ltr'><em>σιαζομένων</em></span> <span class='ocrx_word' id='word_1_11' title='bbox 371 549 393 645; x_wconf 83' lang='grc' dir='ltr'><em>ή</em></span> <span class='ocrx_word' id='word_1_12' title='bbox 421 558 517 644; x_wconf 84' lang='grc' dir='ltr'><em>μήτε</em></span> <span class='ocrx_word' id='word_1_13' title='bbox 544 555 613 625; x_wconf 89' lang='grc' dir='ltr'><em>τδν</em></span> <span class='ocrx_word' id='word_1_14' title='bbox 641 557 790 644; x_wconf 86' lang='grc' dir='ltr'><em>ήμισυυ</em></span> <span class='ocrx_word' id='word_1_15' title='bbox 817 562 883 646; x_wconf 81' lang='grc' dir='ltr'><em>ἔχῃ</em></span> <span class='ocrx_word' id='word_1_16' title='bbox 907 562 1125 647; x_wconf 82' lang='grc' dir='ltr'><em>περισσόν,</em></span> 
     </span>
    </p>
   </div>
   <div class='ocr_carea' id='block_1_3' title="bbox 54 659 1126 2336">
    <p class='ocr_par' dir='ltr' id='par_1_3' title="bbox 98 659 1126 750">
     <span class='ocr_line' id='line_1_5' title="bbox 98 659 1126 750; baseline 0.004 -21"><span class='ocrx_word' id='word_1_17' title='bbox 98 659 280 750; x_wconf 76' lang='grc' dir='ltr'><em>ἀρτιάκις</em></span> <span class='ocrx_word' id='word_1_18' title='bbox 301 687 341 730; x_wconf 91' lang='grc' dir='ltr'><em>τε</em></span> <span class='ocrx_word' id='word_1_19' title='bbox 364 662 501 750; x_wconf 85' lang='grc' dir='ltr'><em>ἀρτιός</em></span> <span class='ocrx_word' id='word_1_20' title='bbox 524 663 607 730; x_wconf 80' lang='grc' dir='ltr'><em>ἐστι</em></span> <span class='ocrx_word' id='word_1_21' title='bbox 629 664 694 730; x_wconf 80' lang='grc' dir='ltr'><em>καὶ</em></span> <span class='ocrx_word' id='word_1_22' title='bbox 718 662 901 749; x_wconf 76' lang='grc' dir='ltr'><em>ἀρτιάκις</em></span> <span class='ocrx_word' id='word_1_23' title='bbox 918 666 1126 746; x_wconf 83' lang='grc' dir='ltr'><em>περισσός.</em></span> 
     </span>
    </p>

    <p class='ocr_par' dir='ltr' id='par_1_4' title="bbox 66 765 1126 1173">
     <span class='ocr_line' id='line_1_6' title="bbox 66 765 1126 856; baseline 0.003 -19"><span class='ocrx_word' id='word_1_24' title='bbox 66 788 82 837; x_wconf 77' lang='grc'>5</span> <span class='ocrx_word' id='word_1_25' title='bbox 165 765 324 855; x_wconf 71' lang='grc' dir='ltr'><em>’Ἀριθμὸς</em></span> <span class='ocrx_word' id='word_1_26' title='bbox 350 767 416 856; x_wconf 81' lang='grc' dir='ltr'><em>γὰρ</em></span> <span class='ocrx_word' id='word_1_27' title='bbox 444 765 462 836; x_wconf 87' lang='grc' dir='ltr'><strong>ὁ</strong></span> <span class='ocrx_word' id='word_1_28' title='bbox 491 779 524 836; x_wconf 85' lang='grc' dir='ltr'><em>Α</em></span> <span class='ocrx_word' id='word_1_29' title='bbox 551 768 632 856; x_wconf 87' lang='grc' dir='ltr'><em>μήτε</em></span> <span class='ocrx_word' id='word_1_30' title='bbox 659 773 727 837; x_wconf 76' lang='grc' dir='ltr'><em>τῶν</em></span> <span class='ocrx_word' id='word_1_31' title='bbox 751 767 816 837; x_wconf 84' lang='grc' dir='ltr'><em>ἀπὸ</em></span> <span class='ocrx_word' id='word_1_32' title='bbox 846 770 975 848; x_wconf 89' lang='grc' dir='ltr'><em>δυάδος</em></span> <span class='ocrx_word' id='word_1_33' title='bbox 1004 775 1126 839; x_wconf 78' lang='grc' dir='ltr'><em>διτιλα·</em></span> 
     </span>
     <span class='ocr_line' id='line_1_7' title="bbox 101 871 1125 963; baseline 0.006 -23"><span class='ocrx_word' id='word_1_34' title='bbox 101 875 307 960; x_wconf 78' lang='grc' dir='ltr'><em>σιαζομένων</em></span> <span class='ocrx_word' id='word_1_35' title='bbox 335 878 418 941; x_wconf 77' lang='grc' dir='ltr'><em>ἔστω</em></span> <span class='ocrx_word' id='word_1_36' title='bbox 448 872 530 960; x_wconf 86' lang='grc' dir='ltr'><em>μήτε</em></span> <span class='ocrx_word' id='word_1_37' title='bbox 559 871 620 942; x_wconf 91' lang='grc' dir='ltr'><em>τδν</em></span> <span class='ocrx_word' id='word_1_38' title='bbox 652 872 777 961; x_wconf 84' lang='grc' dir='ltr'><em>ήμισυν</em></span> <span class='ocrx_word' id='word_1_39' title='bbox 811 875 908 961; x_wconf 82' lang='grc' dir='ltr'><em>ἐχέτω</em></span> <span class='ocrx_word' id='word_1_40' title='bbox 940 879 1125 963; x_wconf 80' lang='grc' dir='ltr'><em>περισσόν·</em></span> 
     </span>
     <span class='ocr_line' id='line_1_8' title="bbox 99 976 1126 1069; baseline 0.006 -23"><span class='ocrx_word' id='word_1_41' title='bbox 99 979 201 1065; x_wconf 79' lang='grc' dir='ltr'><em>λέγω,</em></span> <span class='ocrx_word' id='word_1_42' title='bbox 226 976 277 1046; x_wconf 85' lang='grc' dir='ltr'><em>ὅτι</em></span> <span class='ocrx_word' id='word_1_43' title='bbox 301 976 319 1046; x_wconf 87' lang='grc' dir='ltr'>ὁ</span> <span class='ocrx_word' id='word_1_44' title='bbox 343 987 376 1046; x_wconf 88' lang='lat' dir='ltr'><em>A</em></span> <span class='ocrx_word' id='word_1_45' title='bbox 399 977 551 1066; x_wconf 78' lang='grc' dir='ltr'><em>ἀρτιάκις</em></span> <span class='ocrx_word' id='word_1_46' title='bbox 572 981 609 1047; x_wconf 82' lang='grc' dir='ltr'><em>τέ</em></span> <span class='ocrx_word' id='word_1_47' title='bbox 630 981 721 1048; x_wconf 79' lang='grc' dir='ltr'><em>ἐστιν</em></span> <span class='ocrx_word' id='word_1_48' title='bbox 744 978 859 1066; x_wconf 84' lang='grc' dir='ltr'><em>ἀρτιος</em></span> <span class='ocrx_word' id='word_1_49' title='bbox 881 981 937 1046; x_wconf 79' lang='grc' dir='ltr'><em>καὶ</em></span> <span class='ocrx_word' id='word_1_50' title='bbox 967 979 1126 1069; x_wconf 89' lang='grc' dir='ltr'><em>ἀρτιάκις</em></span> 
     </span>
     <span class='ocr_line' id='line_1_9' title="bbox 99 1085 267 1173; baseline 0.006 -22"><span class='ocrx_word' id='word_1_51' title='bbox 99 1085 267 1173; x_wconf 79' lang='grc' dir='ltr'><em>περισσός.</em></span> 
     </span>
    </p>

    <p class='ocr_par' dir='ltr' id='par_1_5' title="bbox 99 1183 1125 1810">
     <span class='ocr_line' id='line_1_10' title="bbox 159 1183 1125 1283; baseline 0.005 -25"><span class='ocrx_word' id='word_1_52' title='bbox 159 1189 229 1258; x_wconf 80' lang='grc' dir='ltr'><em>Ὅτι</em></span> <span class='ocrx_word' id='word_1_53' title='bbox 252 1190 313 1279; x_wconf 67' lang='grc' dir='ltr'><em>μὲν</em></span> <span class='ocrx_word' id='word_1_54' title='bbox 337 1183 442 1259; x_wconf 82' lang='grc' dir='ltr'><em>οὖνὸ</em></span> <span class='ocrx_word' id='word_1_55' title='bbox 467 1200 500 1259; x_wconf 87' lang='lat' dir='ltr'><em>A</em></span> <span class='ocrx_word' id='word_1_56' title='bbox 523 1190 673 1279; x_wconf 90' lang='grc' dir='ltr'><em>ἀρτιάκις</em></span> <span class='ocrx_word' id='word_1_57' title='bbox 692 1190 783 1258; x_wconf 79' lang='grc' dir='ltr'><em>ἐστὶν</em></span> <span class='ocrx_word' id='word_1_58' title='bbox 801 1188 927 1278; x_wconf 84' lang='grc' dir='ltr'><em>άρτιος,</em></span> <span class='ocrx_word' id='word_1_59' title='bbox 951 1195 1125 1283; x_wconf 86' lang='grc' dir='ltr'><em>φανερόν·</em></span> 
     </span>
     <span class='ocr_line' id='line_1_11' title="bbox 102 1295 1125 1386; baseline 0.004 -22"><span class='ocrx_word' id='word_1_60' title='bbox 102 1295 164 1366; x_wconf 88' lang='grc' dir='ltr'><em>τὸν</em></span> <span class='ocrx_word' id='word_1_61' title='bbox 195 1295 260 1386; x_wconf 82' lang='grc' dir='ltr'><em>νδιρ</em></span> <span class='ocrx_word' id='word_1_62' title='bbox 292 1295 417 1383; x_wconf 86' lang='grc' dir='ltr'><em>ήμισυν</em></span> <span class='ocrx_word' id='word_1_63' title='bbox 445 1295 507 1365; x_wconf 79' lang='grc' dir='ltr'><em>οὐκ</em></span> <span class='ocrx_word' id='word_1_64' title='bbox 539 1302 606 1385; x_wconf 80' lang='grc' dir='ltr'><em>ἔχει</em></span> <span class='ocrx_word' id='word_1_65' title='bbox 636 1298 807 1385; x_wconf 81' lang='grc' dir='ltr'><em>περισσόν.</em></span> <span class='ocrx_word' id='word_1_66' title='bbox 852 1300 1036 1386; x_wconf 57' lang='grc' dir='ltr'><em>λέγωδή,</em></span> <span class='ocrx_word' id='word_1_67' title='bbox 1070 1298 1125 1368; x_wconf 83' lang='grc' dir='ltr'><em>ὅτι</em></span> 
     </span>
     <span class='ocr_line' id='line_1_12' title="bbox 99 1399 1123 1493; baseline 0.004 -23"><span class='ocrx_word' id='word_1_68' title='bbox 99 1403 156 1470; x_wconf 82' lang='grc' dir='ltr'><em>καὶ</em></span> <span class='ocrx_word' id='word_1_69' title='bbox 179 1399 329 1489; x_wconf 83' lang='grc' dir='ltr'><em>ἀρτιάκις</em></span> <span class='ocrx_word' id='word_1_70' title='bbox 351 1403 509 1489; x_wconf 83' lang='grc' dir='ltr'><em>περισσός</em></span> <span class='ocrx_word' id='word_1_71' title='bbox 532 1402 631 1471; x_wconf 80' lang='grc' dir='ltr'><em>ἐστιν.</em></span> <span class='ocrx_word' id='word_1_72' title='bbox 678 1401 737 1471; x_wconf 80' lang='grc' dir='ltr'><em>ἐὰν</em></span> <span class='ocrx_word' id='word_1_73' title='bbox 760 1403 825 1492; x_wconf 81' lang='grc' dir='ltr'><em>γὰρ</em></span> <span class='ocrx_word' id='word_1_74' title='bbox 849 1401 909 1472; x_wconf 90' lang='grc' dir='ltr'><em>τδν</em></span> <span class='ocrx_word' id='word_1_75' title='bbox 932 1416 966 1473; x_wconf 89' lang='lat' dir='ltr'><em>A</em></span> <span class='ocrx_word' id='word_1_76' title='bbox 995 1406 1123 1493; x_wconf 80' lang='grc' dir='ltr'><em>τέμνω-</em></span> 
     </span>
     <span class='ocr_line' id='line_1_13' title="bbox 102 1505 1124 1596; baseline 0.005 -23"><span class='ocrx_word' id='word_1_77' title='bbox 102 1533 162 1593; x_wconf 90' lang='grc' dir='ltr'><em>μεν</em></span> <span class='ocrx_word' id='word_1_78' title='bbox 196 1511 272 1594; x_wconf 85' lang='grc' dir='ltr'><em>δίχα</em></span> <span class='ocrx_word' id='word_1_79' title='bbox 299 1508 354 1574; x_wconf 82' lang='grc' dir='ltr'><em>καὶ</em></span> <span class='ocrx_word' id='word_1_80' title='bbox 381 1505 442 1576; x_wconf 91' lang='grc' dir='ltr'><em>τδν</em></span> <span class='ocrx_word' id='word_1_81' title='bbox 469 1506 594 1595; x_wconf 84' lang='grc' dir='ltr'><em>ήμισυν</em></span> <span class='ocrx_word' id='word_1_82' title='bbox 618 1509 723 1576; x_wconf 84' lang='grc' dir='ltr'><em>αὐτοῦ</em></span> <span class='ocrx_word' id='word_1_83' title='bbox 751 1513 828 1596; x_wconf 85' lang='grc' dir='ltr'><em>δίχα</em></span> <span class='ocrx_word' id='word_1_84' title='bbox 850 1510 907 1576; x_wconf 78' lang='grc' dir='ltr'><em>καὶ</em></span> <span class='ocrx_word' id='word_1_85' title='bbox 937 1514 1041 1578; x_wconf 81' lang='grc' dir='ltr'><em>τοῦτο</em></span> <span class='ocrx_word' id='word_1_86' title='bbox 1070 1509 1124 1578; x_wconf 79' lang='grc' dir='ltr'><em>ἀεὶ</em></span> 
     </span>
     <span class='ocr_line' id='line_1_14' title="bbox 101 1612 1122 1704; baseline 0.005 -24"><span class='ocrx_word' id='word_1_87' title='bbox 101 1616 264 1699; x_wconf 76' lang='grc' dir='ltr'><em>ποιῶμεν,</em></span> <span class='ocrx_word' id='word_1_88' title='bbox 296 1615 547 1700; x_wconf 80' lang='grc' dir='ltr'><em>καταντήσομεν</em></span> <span class='ocrx_word' id='word_1_89' title='bbox 575 1622 622 1694; x_wconf 75' lang='grc' dir='ltr'><em>εἴς</em></span> <span class='ocrx_word' id='word_1_90' title='bbox 653 1640 728 1681; x_wconf 92' lang='grc' dir='ltr'><em>τινα</em></span> <span class='ocrx_word' id='word_1_91' title='bbox 761 1612 912 1703; x_wconf 88' lang='grc' dir='ltr'><em>ἀριθμὸν</em></span> <span class='ocrx_word' id='word_1_92' title='bbox 944 1616 1122 1704; x_wconf 81' lang='grc' dir='ltr'><em>περισσάν,</em></span> 
     </span>
     <span class='ocr_line' id='line_1_15' title="bbox 103 1716 1121 1810; baseline 0.003 -23"><span class='ocrx_word' id='word_1_93' title='bbox 103 1716 140 1799; x_wconf 87' lang='grc' dir='ltr'><em>δς</em></span> <span class='ocrx_word' id='word_1_94' title='bbox 163 1721 317 1807; x_wconf 80' lang='grc' dir='ltr'><em>μετρήσει</em></span> <span class='ocrx_word' id='word_1_95' title='bbox 339 1717 400 1787; x_wconf 91' lang='grc' dir='ltr'><em>τὸν</em></span> <span class='ocrx_word' id='word_1_96' title='bbox 423 1727 455 1786; x_wconf 95' lang='lat' dir='ltr'><em>A</em></span> <span class='ocrx_word' id='word_1_97' title='bbox 477 1716 559 1786; x_wconf 82' lang='grc' dir='ltr'><em>κατά</em></span> <span class='ocrx_word' id='word_1_98' title='bbox 579 1717 696 1808; x_wconf 84' lang='grc' dir='ltr'><em>ἀρτιον</em></span> <span class='ocrx_word' id='word_1_99' title='bbox 716 1717 874 1806; x_wconf 89' lang='grc' dir='ltr'><em>ἀριθμόν.</em></span> <span class='ocrx_word' id='word_1_100' title='bbox 921 1725 953 1788; x_wconf 85' lang='grc' dir='ltr'><em>εί</em></span> <span class='ocrx_word' id='word_1_101' title='bbox 973 1720 1041 1810; x_wconf 80' lang='grc' dir='ltr'><em>γάρ</em></span> <span class='ocrx_word' id='word_1_102' title='bbox 1067 1721 1121 1808; x_wconf 75' lang='grc' dir='ltr'><em>οὔ,</em></span> 
     </span>
    </p>

    <p class='ocr_par' dir='ltr' id='par_1_6' title="bbox 54 1823 1123 2336">
     <span class='ocr_line' id='line_1_16' title="bbox 54 1823 1121 1912; baseline 0 -17"><span class='ocrx_word' id='word_1_103' title='bbox 54 1849 86 1898; x_wconf 78' lang='lat'><em>15</em></span> <span class='ocrx_word' id='word_1_104' title='bbox 104 1827 354 1912; x_wconf 81' lang='grc' dir='ltr'><em>καταντήσομεν</em></span> <span class='ocrx_word' id='word_1_105' title='bbox 387 1830 433 1905; x_wconf 79' lang='grc' dir='ltr'><em>εἰς</em></span> <span class='ocrx_word' id='word_1_106' title='bbox 466 1825 589 1910; x_wconf 86' lang='grc' dir='ltr'><em>δυάδα,</em></span> <span class='ocrx_word' id='word_1_107' title='bbox 626 1827 682 1892; x_wconf 84' lang='grc' dir='ltr'><em>καὶ</em></span> <span class='ocrx_word' id='word_1_108' title='bbox 715 1831 806 1893; x_wconf 83' lang='grc' dir='ltr'><em>ἔσται</em></span> <span class='ocrx_word' id='word_1_109' title='bbox 839 1823 857 1893; x_wconf 93' lang='grc' dir='ltr'><em>δ</em></span> <span class='ocrx_word' id='word_1_110' title='bbox 890 1835 923 1892; x_wconf 94' lang='lat' dir='ltr'><em>A</em></span> <span class='ocrx_word' id='word_1_111' title='bbox 954 1831 1024 1895; x_wconf 80' lang='grc' dir='ltr'><em>τῶν</em></span> <span class='ocrx_word' id='word_1_112' title='bbox 1055 1826 1121 1895; x_wconf 80' lang='grc' dir='ltr'><em>ἀπὸ</em></span> 
     </span>
     <span class='ocr_line' id='line_1_17' title="bbox 105 1929 1122 2018; baseline 0.004 -21"><span class='ocrx_word' id='word_1_113' title='bbox 105 1932 230 2010; x_wconf 91' lang='grc' dir='ltr'><em>δυάδος</em></span> <span class='ocrx_word' id='word_1_114' title='bbox 258 1932 577 2016; x_wconf 80' lang='grc' dir='ltr'><em>διπλασιαζομένων·</em></span> <span class='ocrx_word' id='word_1_115' title='bbox 609 1929 690 2017; x_wconf 77' lang='grc' dir='ltr'><em>ὅπερ</em></span> <span class='ocrx_word' id='word_1_116' title='bbox 723 1930 785 2018; x_wconf 84' lang='grc' dir='ltr'><em>οὐχ</em></span> <span class='ocrx_word' id='word_1_117' title='bbox 808 1929 988 2001; x_wconf 79' lang='grc' dir='ltr'><em>ὑπόκειται.</em></span> <span class='ocrx_word' id='word_1_118' title='bbox 1036 1931 1122 2001; x_wconf 79' lang='grc' dir='ltr'><em>ὥστε</em></span> 
     </span>
     <span class='ocr_line' id='line_1_18' title="bbox 106 2034 1122 2124; baseline 0.001 -21"><span class='ocrx_word' id='word_1_119' title='bbox 106 2034 124 2103; x_wconf 89' lang='grc' dir='ltr'><strong>ὁ</strong></span> <span class='ocrx_word' id='word_1_120' title='bbox 156 2047 189 2104; x_wconf 87' lang='grc' dir='ltr'><em>Α</em></span> <span class='ocrx_word' id='word_1_121' title='bbox 222 2035 373 2124; x_wconf 87' lang='grc' dir='ltr'><em>ἀρτιάκις</em></span> <span class='ocrx_word' id='word_1_122' title='bbox 404 2037 560 2124; x_wconf 81' lang='grc' dir='ltr'><em>περισσός</em></span> <span class='ocrx_word' id='word_1_123' title='bbox 592 2039 691 2105; x_wconf 79' lang='grc' dir='ltr'><em>ἐστιν.</em></span> <span class='ocrx_word' id='word_1_124' title='bbox 742 2039 878 2123; x_wconf 77' lang='grc' dir='ltr'><em>ἐδείχθη</em></span> <span class='ocrx_word' id='word_1_125' title='bbox 911 2036 949 2104; x_wconf 72' lang='grc' dir='ltr'><em>δὲ</em></span> <span class='ocrx_word' id='word_1_126' title='bbox 978 2039 1036 2104; x_wconf 85' lang='grc' dir='ltr'><em>καὶ</em></span> <span class='ocrx_word' id='word_1_127' title='bbox 1066 2036 1122 2123; x_wconf 91' lang='grc' dir='ltr'><em>ἀρ·</em></span> 
     </span>
     <span class='ocr_line' id='line_1_19' title="bbox 104 2138 1123 2231; baseline 0.001 -24"><span class='ocrx_word' id='word_1_128' title='bbox 104 2142 210 2220; x_wconf 91' lang='grc' dir='ltr'><em>τιάκις</em></span> <span class='ocrx_word' id='word_1_129' title='bbox 238 2141 358 2228; x_wconf 79' lang='grc' dir='ltr'><em>ἀρτιος.</em></span> <span class='ocrx_word' id='word_1_130' title='bbox 400 2138 418 2210; x_wconf 86' lang='grc' dir='ltr'><strong>ὁ</strong></span> <span class='ocrx_word' id='word_1_131' title='bbox 445 2152 478 2209; x_wconf 87' lang='grc' dir='ltr'><em>Α</em></span> <span class='ocrx_word' id='word_1_132' title='bbox 500 2140 565 2231; x_wconf 81' lang='grc' dir='ltr'><em>ἀρα</em></span> <span class='ocrx_word' id='word_1_133' title='bbox 588 2141 736 2227; x_wconf 86' lang='grc' dir='ltr'><em>ἀρτιάκις</em></span> <span class='ocrx_word' id='word_1_134' title='bbox 762 2170 797 2210; x_wconf 89' lang='grc' dir='ltr'><em>τε</em></span> <span class='ocrx_word' id='word_1_135' title='bbox 825 2141 939 2231; x_wconf 83' lang='grc' dir='ltr'><em>ἀρτιός</em></span> <span class='ocrx_word' id='word_1_136' title='bbox 967 2144 1037 2210; x_wconf 81' lang='grc' dir='ltr'><em>ἐστι</em></span> <span class='ocrx_word' id='word_1_137' title='bbox 1066 2143 1123 2210; x_wconf 80' lang='grc' dir='ltr'><em>καὶ</em></span> 
     </span>
     <span class='ocr_line' id='line_1_20' title="bbox 106 2244 784 2336; baseline 0.004 -23"><span class='ocrx_word' id='word_1_138' title='bbox 106 2244 256 2332; x_wconf 85' lang='grc' dir='ltr'><em>ἀρτιάκις</em></span> <span class='ocrx_word' id='word_1_139' title='bbox 279 2249 448 2336; x_wconf 81' lang='grc' dir='ltr'><em>περισσός·</em></span> <span class='ocrx_word' id='word_1_140' title='bbox 474 2247 554 2335; x_wconf 81' lang='grc' dir='ltr'><em>ὅπερ</em></span> <span class='ocrx_word' id='word_1_141' title='bbox 579 2253 646 2315; x_wconf 78' lang='grc' dir='ltr'><em>ἔδει</em></span> <span class='ocrx_word' id='word_1_142' title='bbox 671 2250 784 2330; x_wconf 78' lang='grc' dir='ltr'><em>δεῖξαι.</em></span> 
     </span>
    </p>
   </div>
   <div class='ocr_carea' id='block_1_4' title="bbox 51 2461 1124 2776">
    <p class='ocr_par' dir='ltr' id='par_1_7' title="bbox 51 2461 1124 2776">
     <span class='ocr_line' id='line_1_21' title="bbox 51 2461 639 2536; baseline 0.002 -11"><span class='ocrx_word' id='word_1_143' title='bbox 51 2489 86 2536; x_wconf 82' lang='lat'><em>20</em></span> <span class='ocrx_word' id='word_1_144' title='bbox 580 2461 639 2526; x_wconf 76' lang='grc' dir='ltr'><em>λε’.</em></span> 
     </span>
     <span class='ocr_line' id='line_1_22' title="bbox 168 2575 1124 2672; baseline 0 -22"><span class='ocrx_word' id='word_1_145' title='bbox 168 2578 257 2650; x_wconf 86' lang='grc' dir='ltr'><em>Ἐἀυ</em></span> <span class='ocrx_word' id='word_1_146' title='bbox 281 2575 377 2650; x_wconf 80' lang='grc' dir='ltr'><em>ὦσιν</em></span> <span class='ocrx_word' id='word_1_147' title='bbox 402 2582 698 2668; x_wconf 81' lang='grc' dir='ltr'><em>ὁσοιδηποτοῦν</em></span> <span class='ocrx_word' id='word_1_148' title='bbox 722 2581 889 2672; x_wconf 87' lang='grc' dir='ltr'><em>ἀριθμοὶ</em></span> <span class='ocrx_word' id='word_1_149' title='bbox 913 2583 1001 2668; x_wconf 81' lang='grc' dir='ltr'><em>ἑξής</em></span> <span class='ocrx_word' id='word_1_150' title='bbox 1028 2579 1124 2651; x_wconf 89' lang='grc' dir='ltr'><em>ἀνά·</em></span> 
     </span>
     <span class='ocr_line' id='line_1_23' title="bbox 106 2684 1124 2776; baseline 0 -20"><span class='ocrx_word' id='word_1_151' title='bbox 106 2697 241 2773; x_wconf 80' lang='grc' dir='ltr'><em>λογον,</em></span> <span class='ocrx_word' id='word_1_152' title='bbox 279 2684 531 2776; x_wconf 76' lang='grc' dir='ltr'><em>ἀφαιρεθῶσι</em></span> <span class='ocrx_word' id='word_1_153' title='bbox 565 2689 607 2755; x_wconf 77' lang='grc' dir='ltr'><em>δὲ</em></span> <span class='ocrx_word' id='word_1_154' title='bbox 640 2685 714 2755; x_wconf 83' lang='grc' dir='ltr'><em>ἀπό</em></span> <span class='ocrx_word' id='word_1_155' title='bbox 746 2714 786 2756; x_wconf 88' lang='grc' dir='ltr'><em>τε</em></span> <span class='ocrx_word' id='word_1_156' title='bbox 821 2692 892 2756; x_wconf 83' lang='grc' dir='ltr'><em>τοῦ</em></span> <span class='ocrx_word' id='word_1_157' title='bbox 930 2690 1124 2774; x_wconf 82' lang='grc' dir='ltr'><em>δευτέρον</em></span> 
     </span>
    </p>
   </div>
   <div class='ocr_carea' id='block_1_5' title="bbox 107 2833 321 2843">
    <p class='ocr_par' dir='ltr' id='par_1_8' title="bbox 107 2833 321 2843">
     <span class='ocr_line' id='line_1_24' title="bbox 107 2833 321 2843; baseline 0 -1"><span class='ocrx_word' id='word_1_158' title='bbox 107 2833 321 2843; x_wconf 77' lang='grc' dir='ltr'><em>-------ι</em></span> 
     </span>
    </p>
   </div>
   <div class='ocr_carea' id='block_1_6' title="bbox 51 2892 1126 3540">
    <p class='ocr_par' dir='ltr' id='par_1_9' title="bbox 106 2892 1125 3269">
     <span class='ocr_line' id='line_1_25' title="bbox 177 2892 1124 2968; baseline 0.002 -16"><span class='ocrx_word' id='word_1_159' title='bbox 177 2906 202 2952; x_wconf 83' lang='lat'><em>2.</em></span> <span class='ocrx_word' id='word_1_160' title='bbox 218 2893 286 2968; x_wconf 76' lang='grc' dir='ltr'><em>ἐάν]</em></span> <span class='ocrx_word' id='word_1_161' title='bbox 301 2892 338 2951; x_wconf 84' lang='grc' dir='ltr'><em>ἀν</em></span> <span class='ocrx_word' id='word_1_162' title='bbox 353 2915 379 2966; x_wconf 91' lang='lat' dir='ltr'><em>q.</em></span> <span class='ocrx_word' id='word_1_163' title='bbox 412 2897 520 2952; x_wconf 82' lang='lat' dir='ltr'>Deinde</span> <span class='ocrx_word' id='word_1_164' title='bbox 534 2899 598 2952; x_wconf 78' lang='lat' dir='ltr'>add.</span> <span class='ocrx_word' id='word_1_165' title='bbox 613 2894 710 2968; x_wconf 78' lang='grc' dir='ltr'><em>άρτιος</em></span> <span class='ocrx_word' id='word_1_166' title='bbox 723 2898 746 2951; x_wconf 95' lang='grc' dir='ltr'>Β</span> <span class='ocrx_word' id='word_1_167' title='bbox 760 2916 796 2953; x_wconf 92' lang='lat' dir='ltr'><em>m.</em></span> <span class='ocrx_word' id='word_1_168' title='bbox 812 2914 876 2966; x_wconf 80' lang='grc' dir='ltr'><em>τοο,</em></span> <span class='ocrx_word' id='word_1_169' title='bbox 891 2898 916 2952; x_wconf 94' lang='lat' dir='ltr'><strong>V</strong></span> <span class='ocrx_word' id='word_1_170' title='bbox 930 2898 961 2952; x_wconf 89' lang='lat' dir='ltr'><em>in</em></span> <span class='ocrx_word' id='word_1_171' title='bbox 973 2915 1028 2953; x_wconf 77' lang='grc' dir='ltr'><em>τοι.</em></span> <span class='ocrx_word' id='word_1_172' title='bbox 1043 2916 1084 2954; x_wconf 87' lang='lat' dir='ltr'><em>m.</em></span> <span class='ocrx_word' id='word_1_173' title='bbox 1099 2907 1124 2955; x_wconf 75' lang='lat'><em>2.</em></span> 
     </span>
     <span class='ocr_line' id='line_1_26' title="bbox 107 2965 1125 3041; baseline 0.001 -17"><span class='ocrx_word' id='word_1_174' title='bbox 107 2966 361 3039; x_wconf 74' lang='grc' dir='ltr'><em>διτλασιαζὸμενον</em></span> <span class='ocrx_word' id='word_1_175' title='bbox 383 2970 414 3023; x_wconf 91' lang='grc' dir='ltr'><em>Ρ.</em></span> <span class='ocrx_word' id='word_1_176' title='bbox 506 2975 530 3023; x_wconf 83' lang='grc'><em>3.</em></span> <span class='ocrx_word' id='word_1_177' title='bbox 550 2967 618 3041; x_wconf 87' lang='grc' dir='ltr'><em>τόν]</em></span> <span class='ocrx_word' id='word_1_178' title='bbox 642 2965 674 3023; x_wconf 86' lang='grc' dir='ltr'><em>τό</em></span> <span class='ocrx_word' id='word_1_179' title='bbox 697 2970 769 3025; x_wconf 78' lang='lat' dir='ltr'><em>Fm.</em></span> <span class='ocrx_word' id='word_1_180' title='bbox 791 2975 819 3037; x_wconf 86' lang='lat'><em>1,</em></span> <span class='ocrx_word' id='word_1_181' title='bbox 844 2975 1125 3040; x_wconf 72' lang='grc' dir='ltr'><em>οοι·1·.111.2;τοφ.</em></span> 
     </span>
     <span class='ocr_line' id='line_1_27' title="bbox 106 3035 1123 3113; baseline 0.002 -19"><span class='ocrx_word' id='word_1_182' title='bbox 106 3035 191 3110; x_wconf 82' lang='grc' dir='ltr'><em>ἥμισυ</em></span> <span class='ocrx_word' id='word_1_183' title='bbox 210 3039 240 3095; x_wconf 84' lang='lat' dir='ltr'><em>F.</em></span> <span class='ocrx_word' id='word_1_184' title='bbox 330 3046 355 3094; x_wconf 88' lang='lat'><em>4.</em></span> <span class='ocrx_word' id='word_1_185' title='bbox 375 3036 450 3094; x_wconf 77' lang='grc' dir='ltr'><em>ἔστιν</em></span> <span class='ocrx_word' id='word_1_186' title='bbox 468 3039 498 3095; x_wconf 94' lang='grc' dir='ltr'><em>Ρ.</em></span> <span class='ocrx_word' id='word_1_187' title='bbox 585 3046 610 3094; x_wconf 85' lang='grc'><em>6.</em></span> <span class='ocrx_word' id='word_1_188' title='bbox 629 3035 715 3110; x_wconf 79' lang='grc' dir='ltr'><em>ἥμισυ</em></span> <span class='ocrx_word' id='word_1_189' title='bbox 734 3042 764 3095; x_wconf 78' lang='lat' dir='ltr'><em>F.</em></span> <span class='ocrx_word' id='word_1_190' title='bbox 803 3039 874 3109; x_wconf 77' lang='grc' dir='ltr'><em>ἔχων</em></span> <span class='ocrx_word' id='word_1_191' title='bbox 892 3039 927 3095; x_wconf 87' lang='lat' dir='ltr'><em>V.</em></span> <span class='ocrx_word' id='word_1_192' title='bbox 1015 3047 1039 3096; x_wconf 76' lang='lat'><em>⁷.</em></span> <span class='ocrx_word' id='word_1_193' title='bbox 1061 3038 1123 3113; x_wconf 79' lang='grc' dir='ltr'><em>ὅτι]</em></span> 
     </span>
     <span class='ocr_line' id='line_1_28' title="bbox 106 3107 1125 3181; baseline 0.001 -16"><span class='ocrx_word' id='word_1_194' title='bbox 106 3130 143 3165; x_wconf 84' lang='lat' dir='ltr'><em>m.</em></span> <span class='ocrx_word' id='word_1_195' title='bbox 163 3119 179 3166; x_wconf 77' lang='grc' dir='ltr'><em>ε</em></span> <span class='ocrx_word' id='word_1_196' title='bbox 198 3111 231 3166; x_wconf 84' lang='lat' dir='ltr'><em>V.</em></span> <span class='ocrx_word' id='word_1_197' title='bbox 287 3111 334 3181; x_wconf 77' lang='grc' dir='ltr'><em>ιε]</em></span> <span class='ocrx_word' id='word_1_198' title='bbox 359 3127 411 3165; x_wconf 88' lang='lat' dir='ltr'><em>om.</em></span> <span class='ocrx_word' id='word_1_199' title='bbox 478 3113 507 3164; x_wconf 81' lang='grc' dir='ltr'><em>ιι</em></span> <span class='ocrx_word' id='word_1_200' title='bbox 529 3111 562 3181; x_wconf 73' lang='grc' dir='ltr'><em>Ρ,</em></span> <span class='ocrx_word' id='word_1_201' title='bbox 588 3113 625 3179; x_wconf 82' lang='lat' dir='ltr'><em>(u.</em></span> <span class='ocrx_word' id='word_1_202' title='bbox 650 3131 676 3181; x_wconf 85' lang='lat' dir='ltr'><em>p.</em></span> <span class='ocrx_word' id='word_1_203' title='bbox 697 3117 793 3173; x_wconf 65' lang='grc' dir='ltr'><em>εισι</em></span> <span class='ocrx_word' id='word_1_204' title='bbox 818 3111 881 3165; x_wconf 77' lang='lat' dir='ltr'><strong>adn.</strong></span> <span class='ocrx_word' id='word_1_205' title='bbox 906 3110 986 3179; x_wconf 57' lang='lat' dir='ltr'><strong>crin).</strong></span> <span class='ocrx_word' id='word_1_206' title='bbox 1025 3107 1125 3181; x_wconf 70' lang='grc' dir='ltr'><em>ἄρτιός</em></span> 
     </span>
     <span class='ocr_line' id='line_1_29' title="bbox 108 3130 1124 3269; baseline 0.002 -33"><span class='ocrx_word' id='word_1_207' title='bbox 108 3179 166 3236; x_wconf 70' lang='grc' dir='ltr'><em>ἐστι</em></span> <span class='ocrx_word' id='word_1_208' title='bbox 184 3182 218 3237; x_wconf 85' lang='lat' dir='ltr'><em>V.</em></span> <span class='ocrx_word' id='word_1_209' title='bbox 282 3188 307 3238; x_wconf 82' lang='lat'><em>9.</em></span> <span class='ocrx_word' id='word_1_210' title='bbox 327 3177 424 3250; x_wconf 84' lang='grc' dir='ltr'><em>ἀρτιός</em></span> <span class='ocrx_word' id='word_1_211' title='bbox 437 3130 502 3236; x_wconf 60' lang='grc' dir='ltr'><em>(δοκι</em></span> <span class='ocrx_word' id='word_1_212' title='bbox 519 3181 553 3236; x_wconf 88' lang='lat' dir='ltr'><em>V.</em></span> <span class='ocrx_word' id='word_1_213' title='bbox 614 3179 758 3253; x_wconf 83' lang='grc' dir='ltr'><em>φανερόν]</em></span> <span class='ocrx_word' id='word_1_214' title='bbox 778 3181 808 3235; x_wconf 85' lang='lat' dir='ltr'><em>in</em></span> <span class='ocrx_word' id='word_1_215' title='bbox 826 3199 879 3237; x_wconf 78' lang='lat' dir='ltr'><em>ras,</em></span> <span class='ocrx_word' id='word_1_216' title='bbox 899 3201 935 3236; x_wconf 90' lang='lat' dir='ltr'><em>m.</em></span> <span class='ocrx_word' id='word_1_217' title='bbox 956 3188 970 3235; x_wconf 93' lang='lat'>1</span> <span class='ocrx_word' id='word_1_218' title='bbox 990 3199 1017 3269; x_wconf 63' lang='grc' dir='ltr'><em>(μ</em></span> <span class='ocrx_word' id='word_1_219' title='bbox 1083 3189 1124 3238; x_wconf 94' lang='grc'><em>10.</em></span> 
     </span>
    </p>

    <p class='ocr_par' dir='ltr' id='par_1_10' title="bbox 51 3246 1126 3540">
     <span class='ocr_line' id='line_1_30' title="bbox 51 3246 1125 3324; baseline 0.002 -18"><span class='ocrx_word' id='word_1_220' title='bbox 51 3277 52 3281; x_wconf 50' lang='grc'>’</span> <span class='ocrx_word' id='word_1_221' title='bbox 107 3246 192 3323; x_wconf 83' lang='grc' dir='ltr'><em>ήμισν</em></span> <span class='ocrx_word' id='word_1_222' title='bbox 207 3252 237 3323; x_wconf 82' lang='lat' dir='ltr'><em>F,</em></span> <span class='ocrx_word' id='word_1_223' title='bbox 253 3254 282 3307; x_wconf 76' lang='lat' dir='ltr'><em>et</em></span> <span class='ocrx_word' id='word_1_224' title='bbox 300 3270 326 3321; x_wconf 87' lang='lat' dir='ltr'><em>q,</em></span> <span class='ocrx_word' id='word_1_225' title='bbox 342 3253 391 3308; x_wconf 78' lang='lat' dir='ltr'><em>sed</em></span> <span class='ocrx_word' id='word_1_226' title='bbox 405 3269 474 3307; x_wconf 80' lang='lat' dir='ltr'>corr.</span> <span class='ocrx_word' id='word_1_227' title='bbox 489 3272 525 3309; x_wconf 89' lang='lat' dir='ltr'><em>m.</em></span> <span class='ocrx_word' id='word_1_228' title='bbox 541 3259 565 3307; x_wconf 90' lang='lat'><em>1.</em></span> <span class='ocrx_word' id='word_1_229' title='bbox 613 3259 655 3307; x_wconf 89' lang='lat'><em>11.</em></span> <span class='ocrx_word' id='word_1_230' title='bbox 670 3253 897 3324; x_wconf 64' lang='lat' dir='ltr'><em>ve&#39;fmpavBVq.</em></span> <span class='ocrx_word' id='word_1_231' title='bbox 935 3257 1081 3324; x_wconf 75' lang='grc' dir='ltr'><em>12.ημιου</em></span> <span class='ocrx_word' id='word_1_232' title='bbox 1095 3254 1125 3308; x_wconf 84' lang='lat' dir='ltr'><em>F.</em></span> 
     </span>
     <span class='ocr_line' id='line_1_31' title="bbox 107 3319 1126 3411; baseline 0.003 -34"><span class='ocrx_word' id='word_1_233' title='bbox 107 3325 233 3411; x_wconf 81' lang='grc' dir='ltr'><em>ποιῶμεν</em></span> <span class='ocrx_word' id='word_1_234' title='bbox 248 3319 297 3377; x_wconf 83' lang='grc' dir='ltr'><em>ἀεί</em></span> <span class='ocrx_word' id='word_1_235' title='bbox 313 3323 343 3379; x_wconf 74' lang='lat' dir='ltr'><em>F.</em></span> <span class='ocrx_word' id='word_1_236' title='bbox 395 3329 436 3378; x_wconf 78' lang='lat'><em>13.</em></span> <span class='ocrx_word' id='word_1_237' title='bbox 456 3324 594 3392; x_wconf 79' lang='grc' dir='ltr'><em>ποιοῦμεν</em></span> <span class='ocrx_word' id='word_1_238' title='bbox 613 3326 643 3390; x_wconf 89' lang='grc' dir='ltr'><em>Ρ,</em></span> <span class='ocrx_word' id='word_1_239' title='bbox 658 3324 702 3396; x_wconf 73' lang='lat' dir='ltr'><em>P,.</em></span> <span class='ocrx_word' id='word_1_240' title='bbox 739 3320 957 3394; x_wconf 86' lang='grc' dir='ltr'><em>καταντήσωμεν</em></span> <span class='ocrx_word' id='word_1_241' title='bbox 975 3322 1020 3396; x_wconf 73' lang='lat' dir='ltr'><em>P‚.</em></span> <span class='ocrx_word' id='word_1_242' title='bbox 1077 3344 1126 3380; x_wconf 79' lang='grc' dir='ltr'><em>πε-</em></span> 
     </span>
     <span class='ocr_line' id='line_1_32' title="bbox 108 3390 1124 3467; baseline 0.004 -19"><span class='ocrx_word' id='word_1_243' title='bbox 108 3396 220 3466; x_wconf 87' lang='grc' dir='ltr'><em>ρισσον]</em></span> <span class='ocrx_word' id='word_1_244' title='bbox 241 3411 294 3449; x_wconf 87' lang='grc'>0111.</span> <span class='ocrx_word' id='word_1_245' title='bbox 314 3410 340 3460; x_wconf 90' lang='lat' dir='ltr'><em>q.</em></span> <span class='ocrx_word' id='word_1_246' title='bbox 414 3400 457 3448; x_wconf 85' lang='lat'><em>14.</em></span> <span class='ocrx_word' id='word_1_247' title='bbox 476 3391 550 3448; x_wconf 88' lang='grc' dir='ltr'><em>κατά</em></span> <span class='ocrx_word' id='word_1_248' title='bbox 569 3392 620 3449; x_wconf 85' lang='grc' dir='ltr'><em>τόν</em></span> <span class='ocrx_word' id='word_1_249' title='bbox 638 3396 672 3462; x_wconf 84' lang='lat' dir='ltr'><em>V,</em></span> <span class='ocrx_word' id='word_1_250' title='bbox 692 3396 741 3449; x_wconf 80' lang='lat' dir='ltr'><em>sed</em></span> <span class='ocrx_word' id='word_1_251' title='bbox 759 3390 810 3449; x_wconf 81' lang='grc' dir='ltr'><em>τόν</em></span> <span class='ocrx_word' id='word_1_252' title='bbox 828 3395 881 3450; x_wconf 81' lang='lat' dir='ltr'>del.</span> <span class='ocrx_word' id='word_1_253' title='bbox 956 3392 983 3449; x_wconf 81' lang='grc' dir='ltr'><em>εἰ</em></span> <span class='ocrx_word' id='word_1_254' title='bbox 999 3391 1056 3464; x_wconf 71' lang='grc' dir='ltr'><em>γὰρ</em></span> <span class='ocrx_word' id='word_1_255' title='bbox 1077 3391 1124 3467; x_wconf 72' lang='grc' dir='ltr'><em>οὗ]</em></span> 
     </span>
     <span class='ocr_line' id='line_1_33' title="bbox 100 3459 1126 3540; baseline -0.001 -18"><span class='ocrx_word' id='word_1_256' title='bbox 100 3482 154 3524; x_wconf 86' lang='lat' dir='ltr'><em>om.</em></span> <span class='ocrx_word' id='word_1_257' title='bbox 175 3469 222 3540; x_wconf 48' lang='grc' dir='ltr'><em>ΡΨ</em></span> <span class='ocrx_word' id='word_1_258' title='bbox 259 3463 329 3522; x_wconf 76' lang='lat' dir='ltr'>Post</span> <span class='ocrx_word' id='word_1_259' title='bbox 348 3459 383 3522; x_wconf 83' lang='lat' dir='ltr'><em>ov’&#39;</em></span> <span class='ocrx_word' id='word_1_260' title='bbox 403 3464 468 3524; x_wconf 75' lang='lat' dir='ltr'><strong>add.</strong></span> <span class='ocrx_word' id='word_1_261' title='bbox 484 3464 597 3521; x_wconf 66' lang='lat' dir='ltr'>Theom</span> <span class='ocrx_word' id='word_1_262' title='bbox 614 3463 825 3535; x_wconf 77' lang='grc' dir='ltr'><em>καταντήσομεν</em></span> <span class='ocrx_word' id='word_1_263' title='bbox 844 3467 886 3528; x_wconf 72' lang='grc' dir='ltr'><em>εἴς</em></span> <span class='ocrx_word' id='word_1_264' title='bbox 907 3484 972 3521; x_wconf 83' lang='grc' dir='ltr'><em>τινα</em></span> <span class='ocrx_word' id='word_1_265' title='bbox 994 3461 1126 3538; x_wconf 82' lang='grc' dir='ltr'><em>ἀριθμὸν</em></span> 
     </span>
    </p>
   </div>
   <div class='ocr_carea' id='block_1_7' title="bbox 0 0 1178 3818">
    <p class='ocr_par' dir='ltr' id='par_1_11' title="bbox 0 0 1178 3818">
     <span class='ocr_line' id='line_1_34' title="bbox 0 0 1178 3818; baseline 0 0"><span class='ocrx_word' id='word_1_266' title='bbox 0 0 1178 3818; x_wconf 95' lang='lat' dir='ltr'><em> </em></span> 
     </span>
    </p>
   </div>
  </div>
 </body>
</html>
