2348 3818
101 112 169 177 328
474 112 677 165 nomm·
695 110 735 179 rs.

102 254 259 335 ἐπίπεδός
280 256 364 331 ἐστι,
391 254 532 339 πλευραὶ
559 254 597 321 δὲ
620 250 727 321 αὐτοῦ
753 256 840 321 εἰσιν
866 256 904 319 οἱ
926 258 975 337 Β,
991 256 1038 319 Η
1080 252 1115 319 ολ

101 370 145 445 A,
164 368 193 429 Β
215 358 282 446 ἀρα
306 363 459 429 ἐπίπεδοί
477 364 566 427 εἰσιν
587 357 740 446 ἀριθμοί.
783 360 869 444 λέγω
892 357 954 444 δή,
982 358 1037 426 ὅτι
1058 355 1114 423 καλ

103 464 224 553 ὅμοιοι.
260 466 330 534 ἐπεὶ
352 465 419 555 γὰρ
441 466 461 534 6
481 473 510 533 Ζ
530 464 591 533 τὸν
609 465 672 552 μὲν
690 475 725 532 A
742 462 1038 541 πολλαπλασιάσας
1054 460 1116 529 τὸν

101 581 135 638 A
161 578 355 659 πεποίηκεν,
381 571 444 641 τὸν
471 572 509 640 δὲ
535 579 569 638 E
597 571 890 649 πολλαπλασιάσας
915 568 977 637 τὸν
1005 573 1040 635 Γ
1061 591 1115 634 πε-

66 684 255 763 οποίηιιεν,
287 682 378 746 ἔστιν
408 676 476 764 ἄρα
503 679 549 757 ὡς
575 678 594 745 6
626 688 659 746 Δ
684 676 769 765 πρὸς
795 676 857 745 τὸν
882 683 928 761 Ε,
958 672 1072 753 οὕτως
1098 699 1116 740 ο

101 792 136 851 A
160 782 245 871 πρὸς
270 784 332 853 τὸν
359 790 402 870 Γ,
428 787 600 853 τουτέστιν
626 784 646 852 6
675 791 708 852 Γ
728 784 814 871 πρὸς
834 783 897 850 τὸν
919 788 957 849 Β.
1002 780 1119 865 πάλιν,

102 889 173 957 ἐπεὶ
200 890 219 959 6
248 897 280 958 Ε
305 891 465 979 ἑκάτερον
491 895 560 959 τῶν
588 898 633 976 Ζ,
651 897 692 957 Η
713 887 1009 968 πολλαπλασιάσας
1034 886 1120 966 τοὺς

103 1002 142 1081 Γ,
165 1003 194 1064 Β
215 1006 412 1083 πεποίηκεν,
434 1002 525 1065 ἔστιν
547 995 613 1085 ἄρα
637 997 682 1077 ὥς
704 996 723 1065 6
748 1003 777 1063 Ζ
798 996 882 1083 πρὸς
904 993 966 1062 τὸν
987 999 1035 1078 Η,
1061 991 1118 1060 06

101 1102 203 1183 τιοςὸ
228 1102 357 1190 Γπρὸς
379 1101 441 1170 τὸν
462 1109 501 1168 Β.
537 1102 583 1181 ὡς
605 1102 644 1170 δὲ
666 1102 685 1170 6
710 1108 744 1171 Γ
759 1102 844 1189 πρὸς
865 1100 926 1169 τὸν
944 1107 985 1184 Β,
1010 1098 1122 1178 οὕτως

50 1209 121 1277 1οὸ
147 1217 181 1275 A
202 1208 287 1296 πρὸς
308 1207 371 1276 τὸν
392 1215 435 1274 Β·
461 1208 517 1273 καὶ
541 1208 587 1287 ὡς
609 1207 677 1294 ἄρα
699 1209 719 1276 6
743 1218 777 1275 A
798 1207 883 1296 πρὸς
903 1206 967 1275 τὸν
991 1214 1037 1291 Ε,
1062 1203 1120 1273 οὗ·

101 1343 167 1396 τως
198 1314 216 1383 6
246 1321 274 1381 Ζ
300 1312 385 1400 πρὸς
411 1310 471 1380 τὸν
497 1319 540 1382 Η.
585 1316 642 1381 καὶ
670 1313 809 1395 ἐναλλὰξ
839 1315 886 1394 ὡς
918 1341 936 1381 ο
966 1321 1000 1379 Δ
1031 1308 1120 1397 πρὸς

101 1422 163 1489 τὸν
186 1427 225 1505 Ζ,
248 1416 355 1498 οὕτως
377 1419 396 1486 6
420 1427 454 1486 E
472 1419 558 1504 πρὸς
578 1419 640 1489 τὸν
661 1428 705 1489 Η.
742 1425 778 1488 οἱ
798 1429 841 1505 Α,
858 1427 888 1487 Β
911 1418 977 1507 ἄρα
1001 1418 1118 1503 ὅμοιοι

103 1529 253 1595 ἐπίπεδοι
279 1520 425 1611 ἀριθμοί
449 1528 550 1593 εἰσιν·
578 1530 616 1592 αλ
642 1524 705 1614 γὰρ
733 1527 872 1613 πλευραὶ
897 1522 1011 1592 αὐτῶν
1034 1520 1119 1589 ἀνά-

103 1631 209 1718 λογόν
231 1635 330 1700 εἰσιν·
355 1629 436 1717 ὅπερ
460 1632 529 1698 ἔδει
552 1634 668 1714 δεῖξαι.

52 1852 85 1901 16
580 1852 645 1892 κα.

168 1948 255 2018 Ἐὰν
279 1951 350 2019 δύο
375 1948 559 2036 ἀριθμων
583 1950 654 2018 δύο
684 1953 795 2036 μέσοι
823 1947 1027 2032 ἀνάλογον
1056 1948 1121 2031 έμ-

103 2064 299 2125 πίπτωσιν
335 2055 520 2143 ἀριθμοί,
562 2054 698 2142 ὅμοιοι
736 2061 895 2141 στερεοί
932 2058 1036 2122 εἰσιν
1081 2055 1124 2120 06

104 2162 281 2248 ἀριθμοί.

171 2266 246 2335 Δύο
269 2266 336 2352 γὰρ
361 2263 519 2352 ἀριθμῶν
537 2271 604 2336 τῶν
628 2276 670 2353 Α,
690 2275 718 2335 Β
743 2266 805 2335 660
828 2267 924 2352 μέσοι
943 2261 1117 2349 ἀνάλογον

52 2397 88 2448 20
107 2373 355 2459 ἐμπιπτέτωσαν
384 2369 524 2458 ἀριθμοὶ
553 2377 587 2440 ολ
613 2379 656 2458 Γ,
675 2382 721 2439 A·
749 2374 849 2457 λέγω,
879 2369 931 2439 ὅτι
960 2375 995 2438 ολ
1021 2378 1069 2447 Α,
1090 2377 1120 2437 Β

105 2477 217 2565 ὅμοιοι
241 2484 374 2566 στερεοί
395 2483 489 2546 εἰσιν.

171 2584 404 2671 Εἰλήφθωσαν
432 2582 495 2670 γὰρ
519 2583 684 2670 ἐλάχιστοι
707 2581 849 2670 ἀριθμοὶ
871 2587 939 2651 των
970 2582 1030 2651 τὸν
1059 2580 1119 2650 αὖ·

104 2689 164 2759 τὸν
192 2690 295 2777 λόγον
325 2690 471 2778 ἐχόντων
497 2704 567 2770 τοῖς
590 2698 637 2777 Α,
655 2696 697 2774 Γ,
717 2698 751 2756 A
772 2703 860 2776 τρεῖς
884 2692 919 2757 ολ
941 2696 986 2775 Ε,
1005 2697 1047 2772 Ζ,
1066 2696 1117 2756 Η·

105 2799 140 2865 ολ
161 2795 226 2884 ἀρα
249 2795 347 2882 ἀκροι
376 2794 488 2864 αὐτῶν
511 2799 545 2864 ολ
566 2804 610 2881 Ε,
629 2803 669 2862 Η
687 2807 812 2884 πρῶτοι
839 2795 923 2882 πρὸς
949 2792 1119 2880 ἀλλήλους

51 2928 85 2977 2⁶
107 2906 201 2970 εἰσίν.
246 2901 302 2967 καὶ
335 2902 404 2969 ἐπεὶ
434 2907 502 2970 τῶν
529 2909 574 2986 Ε,
593 2909 632 2968 H
655 2896 702 2981 εἷς
734 2903 834 2988 μέσος
861 2898 1033 2987 ἀνάλογον
1062 2902 1118 2986 έμ-

103 3008 273 3075 πέπτωκεν
296 3004 444 3094 ἀριθμὸς
467 3007 484 3075 6
511 3014 554 3090 Z,
579 3010 613 3074 οἱ
635 3015 674 3091 Β,
694 3014 733 3073 Η
750 3006 816 3094 ἀρα
840 3005 982 3095 ἀριθμοὶ
1002 3004 1116 3093 ὅμοιοι

177 3173 200 3222 1
220 3162 397 3251 λπίπιδος]’
389 3184 418 3219 m
436 3182 489 3220 ras
508 3187 537 3234 φ.
610 3161 834 3236 3.ἒπελράρ-
801 3172 879 3219 —4.
900 3170 926 3220 Γ
943 3166 1116 3252 πεποίηκεν]

104 3238 158 3293 del.
177 3237 213 3303 B;
233 3230 295 3291 έπελ
317 3233 372 3306 γὰρ
393 3233 526 3307 ἑκάτερον
546 3239 592 3325 (ex
610 3173 745 3325 ἕλιάτερος
762 3239 798 3307 V)
817 3237 873 3291 τῶν
892 3244 929 3303 A,
950 3231 1118 3305 E6Z(A,

102 3304 153 3363 E6
170 3307 234 3362 zin
248 3323 301 3363 ras.
316 3307 351 3377 V)
370 3305 648 3371 πολλαπλασιάσας’
633 3305 768 3376 εκάτερον
787 3309 843 3363 τῶν
862 3313 893 3395 A,
914 3311 940 3360 Γ
951 3307 991 3376 (in
1009 3323 1063 3363 ras.
1079 3308 1117 3377 V)

103 3381 259 3467 πεποίηκεν
278 3377 345 3446 Vrp;
364 3372 475 3433 ἐπεὶ
443 3399 497 3448 γαρ
517 3374 649 3449 ἑκάτερος
668 3380 777 3449 τῶνΖ,
798 3384 828 3433 Η
843 3376 893 3433 τὸν
911 3380 937 3432 Ε
955 3381 1118 3432 πολλαπλα-

106 3446 206 3514 σιάσας
225 3419 360 3520 έκάτερέν
378 3450 434 3504 τῶν
454 3453 489 3518 Γ,
514 3452 711 3520 Βπεποίηιιεν
729 3469 785 3520 mg.
805 3452 836 3505 B
873 3451 905 3503 In
924 3449 946 3502 Ρ
965 3467 1022 3518 mg.
1042 3466 1080 3504 m.
1101 3452 1116 3501 1
