2348 3818
96 152 163 218 296
473 150 732 222 mommsznn'.

96 293 155 380 δή,
184 293 236 363 ὅτι
266 292 284 363 5
313 295 376 381 μὲν
400 303 427 362 Ζ
451 295 572 364 ἑαυτὸν
594 296 885 374 πολλαπλασιάσας
912 292 975 362 τὸν
998 301 1029 362 Θ
1055 318 1106 361 πε

95 405 250 487 ποίηκεν,
274 398 336 468 τὸν
359 401 396 469 δὲ
418 409 447 468 Θ
468 399 761 481 πολλαπλασιάσας
783 398 842 469 τὸν
861 407 908 468 Μ
918 405 1109 486 πεποίηκεν,

96 508 151 575 καὶ
173 504 191 575 5
210 513 250 574 Η
264 506 384 575 ἑαυτὸν
403 507 464 594 μὲν
482 507 776 588 πολλαπλασιάσας
793 504 853 576 τὸν
873 515 904 574 Λ
917 515 1108 590 πεποινρκεν,

96 611 158 681 τὸν
176 612 214 680 δὲ
236 620 268 681 Λ
289 612 582 693 πολλαπλασιάσας
603 612 664 681 τὸν
684 620 713 680 0
731 619 918 699 πεποίηκεν.
961 611 1018 678 καὶ
1039 608 1110 677 ἐπεὶ

62 739 78 786 5
97 721 133 787 οῖ
154 725 208 805 Μ,
227 725 276 805 Ν,
295 722 337 804 Ξ,
359 725 388 785 O
415 718 584 806 ἐλάχιστοί
608 723 673 786 εἰσι
700 722 769 786 τῶν
792 717 853 786 τὸν
876 716 980 785 αι’κὸν
1002 714 1111 801 λόγον

96 823 243 911 ἐχόντων
272 839 342 906 τοῖς
365 833 408 910 Ζ,
427 832 477 910 Η,
501 825 566 893 εἰσὶ
590 824 627 892 δὲ
649 825 706 892 καὶ
729 829 764 893 ol
784 833 832 910 A,
851 831 893 909 Γ,
913 832 961 909 Δ,
981 830 1009 890 Β
1034 821 1110 890 ἐλά-

96 950 203 1018 χιστοι
225 935 294 999 τῶν
317 929 377 1000 τὸν
401 929 506 1001 αὐτὸν
530 930 632 1017 λόγον
655 931 803 1019 ἐχόντων
825 945 896 1010 τοῖς
919 937 962 1016 Ζ,
983 936 1029 1014 Η,
1053 933 1113 996 καί

97 1039 188 1104 ἐστιν
221 1044 296 1104 ἴσον
327 1037 366 1104 τὸ
398 1041 529 1123 πλῆθος
554 1040 623 1105 τάν
651 1044 705 1123 Μ,
724 1045 773 1124 Ν,
791 1041 883 1123 Ξ,Ο
910 1040 956 1127 τῷ
984 1035 1110 1122 πλήθει

95 1147 163 1210 τῶν
182 1151 224 1228 Α,
243 1150 282 1228 Γ,
302 1152 346 1228 Δ,
365 1151 405 1228 Β,
424 1146 561 1224 ἕκαστος
579 1143 645 1230 άρα
663 1148 733 1212 τῶν
751 1151 801 1230 Μ,
820 1150 865 1228 Ν,
883 1146 921 1228 Ξ,
938 1148 967 1208 0
981 1141 1109 1229 ἑκάστῳ

44 1266 77 1316 10
96 1252 164 1316 τῶν
188 1258 230 1334 A,
250 1255 288 1334 Γ,
308 1257 351 1334 Δ,
370 1255 399 1315 Β
423 1257 495 1328 ἶσος
518 1252 621 1318 ἐστίν·
646 1259 719 1330 ἶσος
741 1248 807 1338 άρα
830 1249 922 1317 ἐστὶν
945 1246 963 1316 5
989 1247 1051 1335 μὲν
1070 1253 1114 1314 Μ

96 1357 141 1445 τῷ
170 1363 217 1437 A,
245 1351 263 1421 5
293 1354 330 1422 δὲ
360 1361 388 1421 O
414 1359 460 1447 τῷ
484 1363 522 1424 Β.
566 1357 622 1424 καὶ
651 1357 720 1424 ἐπεὶ
748 1353 766 1423 5
791 1362 818 1421 Ζ
842 1353 963 1423 ἑαυτὸν
987 1361 1109 1422 πολλα·

96 1458 281 1541 πλασιάσας
307 1458 368 1528 τὸν
396 1469 425 1528 Θ
447 1469 641 1549 πεποίηκεν,
670 1460 689 1531 5
713 1470 741 1529 Ζ
763 1461 830 1548 άρα
852 1459 912 1529 τὸν
941 1468 970 1527 Θ
997 1474 1112 1547 μετρεῖ

96 1564 179 1635 κατά
202 1573 260 1647 τὰς
279 1569 316 1636 ἐν
334 1572 380 1661 τῷ
401 1576 428 1635 Ζ
451 1568 610 1656 μονάδας.
652 1580 766 1656 μετρεῖ
782 1568 820 1636 δὲ
837 1568 893 1635 καὶ
912 1564 933 1653 ἡ
953 1574 986 1633 Ε
1001 1566 1110 1654 μονάς

95 1674 157 1741 τὸν
185 1681 213 1740 Ζ
240 1672 323 1741 κατά
352 1672 411 1755 τὰς
438 1677 475 1742 ἐν
499 1672 590 1767 αὐτῷ
614 1672 779 1761 μονάδας·
813 1673 923 1753 ἰσάκις
945 1671 1013 1760 άρα
1036 1671 1058 1759 ἡ
1081 1680 1114 1740 Ε

44 1794 77 1844 15
96 1778 203 1866 μονάς
229 1777 289 1846 τὸν
317 1787 345 1846 Ζ
372 1777 522 1866 άριθμδν
545 1794 659 1867 μετρεῖ
678 1780 734 1845 καὶ
759 1776 777 1846 5
802 1785 829 1844 Ζ
851 1778 912 1846 τὸν
935 1787 972 1846 Θ.
1017 1784 1110 1847 ἔστιν

96 1883 162 1973 άρα
186 1882 230 1965 ὡς
253 1882 274 1970 ἡ
297 1892 329 1952 Ε
349 1885 457 1971 μονὰς
479 1884 561 1973 πρὸς
583 1886 643 1953 τὸν
667 1893 694 1951 Ζ
718 1883 884 1972 ἀριθμόν,
908 1885 1015 1965 οὕτως
1039 1883 1058 1953 5
1085 1893 1112 1952 Ζ

96 1991 179 2079 πρὸς
208 1990 268 2058 τὸν
296 1999 334 2058 Θ.
379 1991 497 2075 πάλιν,
528 1991 597 2058 ἐπεὶ
626 1988 644 2059 5
674 1999 701 2057 Ζ
728 1989 789 2058 τὸν
813 1999 841 2057 Θ
862 1992 1113 2060 πολλαπλασιά-

97 2118 158 2177 σας
184 2097 244 2165 τὸν
267 2105 313 2164 Μ
329 2104 524 2270 πΖεποίηκεν,
553 2095 571 2165 5
596 2105 625 2165 Θ
652 2096 719 2183 ἄρα
741 2095 803 2164 τὸν
826 2104 871 2164 Μ
893 2110 1006 2184 μετρεῖ
1026 2097 1111 2165 κατὰ

96 2202 156 2331 τρὶς
188 2206 225 2271 ἐν
255 2208 300 2294 τῷ
334 2202 551 2290 μΖονάδας.
598 2216 711 2289 μετρεῖ
742 2202 779 2270 δὲ
810 2201 911 2270 καῖ’
894 2231 915 2290 η
944 2210 978 2270 Ε
1002 2203 1113 2295 μονὰς

44 2324 78 2373 νο
97 2307 157 2376 τὸν
187 2316 213 2374 Ζ
241 2307 391 2395 ἀριθμὸν
424 2307 506 2375 κατά
535 2305 593 2386 τὰς
621 2310 658 2376 ἐν
686 2306 776 2398 αὐτῷ
805 2309 967 2395 μονάδας·
1002 2309 1113 2389 ἰσάκις

98 2413 163 2502 άρα
193 2411 269 2501 ἡΕ
294 2413 400 2501 μονὰς
422 2413 482 2482 τὸν
506 2421 533 2480 Ζ
557 2411 706 2542 ἀριθμὸν
736 2429 850 2503 μετρεῖ
874 2415 930 2482 καὶ
955 2442 972 2483 ο
998 2423 1027 2482 Θ
1049 2415 1111 2484 τὸν

97 2527 144 2587 Μ.
187 2519 327 2588 ἔστιν”
305 2547 371 2607 αρα
400 2517 444 2599 ὡς
471 2517 492 2606 ἡ
521 2527 553 2587 Ε
578 2519 684 2605 μονὰς
706 2517 790 2606 πρὸς
811 2523 873 2588 τὸν
897 2528 924 2587 Ζ
948 2517 1113 2608 ἀριθμόν,

98 2623 204 2707 οὕτως
231 2623 249 2694 5
278 2634 307 2693 Θ
333 2624 417 2714 πρὸς
448 2624 509 2693 τὸν
541 2632 591 2692 Μ.
637 2627 773 2712 ἐδείχθη
807 2625 845 2693 δὲ
875 2626 931 2692 καὶ
960 2622 1004 2704 ὡς
1032 2623 1053 2712 ἡ
1082 2634 1116 2694 Ε

98 2730 203 2818 μονὰς
225 2730 309 2819 πρὸς
330 2733 391 2799 τὸν
415 2739 443 2798 Ζ
466 2730 632 2818 ἀριθμόν,
656 2728 762 2809 οὕτως
785 2728 803 2798 5
828 2738 856 2797 Z
879 2728 963 2818 πρὸς
983 2730 1045 2799 τὸν
1070 2739 1113 2800 Θ·

171 2968 194 3014 1.
213 2961 350 3028 πεποίηκε
370 2961 431 3029 Vq).
505 2968 528 3015 2.
554 2962 691 3029 πεποίηκε
711 2959 773 3029 Vq).
846 2967 870 3015 3.
890 2961 1028 3029 πεποίηκε
1047 2962 1113 3032 Εφ.

98 3039 123 3087 4
143 3033 280 3100 πεποίηκε
300 3030 361 3117 Ἶρι.
435 3037 459 3086 ὅ.
480 3030 600 3086 εἰσινΡ.
675 3038 698 3086 6.
719 3035 739 3084 Ζ
745 3031 816 3101 ,Η]
843 3035 883 3098 Η,
902 3030 1032 3098 ZBVQ.
1073 3032 1114 3087 εδ-

98 3103 192 3156 οίνΒ.
266 3107 289 3156 7.
309 3102 371 3172 τον]
391 3118 460 3158 corr.
481 3103 645 3157 exttfivm.
666 3100 730 3155 lP.
804 3104 826 3153 Z
832 3073 904 3172 ,Η]
927 3106 961 3168 Η,
977 3101 1113 3172 ΖΒΡφς

98 3175 136 3240 Ε,
156 3172 226 3226 ΖΡ.
318 3177 360 3227 10.
381 3173 455 3242 ἴσος]
475 3173 589 3259 (priqs)
593 3188 663 3227 corr.
683 3189 716 3226 ex
734 3174 796 3226 ἴσον
814 3190 851 3227 m
870 3189 924 3226 rec.
943 3171 973 3227 Ρ.
1067 3180 1112 3229 12.

98 3242 136 3330 Ζ]
157 3258 226 3296 eras.
245 3242 279 3297 V.
335 3249 378 3297 13.
396 3243 434 3312 τῷ
455 3244 491 3314 Ζ]
513 3239 589 3312 αὐτῷ
611 3243 676 3311 Vq),
695 3243 733 3316 τῷ
753 3247 775 3296 Ζ
793 3259 929 3330 supram.
944 3244 1009 3299 27.
1067 3251 1112 3300 18.

99 3309 172 3385 άρα]
194 3311 284 3381 ἐᾛτιφ
340 3319 382 3369 21.
404 3313 621 3383 &]ecorr.V;
640 3296 722 3367 ΕΡ.
765 3318 808 3368 22.
828 3310 1113 3384 me]supram1B.

99 3390 141 3438 24.
160 3384 245 3454 πρός]
266 3383 362 3454 (prius)
353 3388 466 3453 )supra
485 3404 520 3439 m
541 3385 607 3440 ΖΒ
