2348 3818
104 142 171 206 304
482 145 684 197 Σιοιιοιιοα
701 141 741 214 η’.

165 285 201 351 Ὁ
227 292 260 353 Γ
282 282 346 371 γάρ
374 283 435 354 τὸν
459 294 492 352 A
514 284 807 366 πολλαπλασιάσας
835 283 897 353 τὸν
920 292 953 352 Ε
973 290 1116 354 ποιείτω.

102 391 158 457 καὶ
192 391 262 459 ἐπεὶ
292 390 501 478 τετράγωνός
533 393 624 459 ἐστιν
652 389 670 458 6
701 400 747 477 A,
780 389 907 479 πλευρά
940 390 979 459 δὲ
1012 389 1118 459 αὐτοῦ

103 496 194 563 ἐστιν
223 494 241 564 6
265 502 308 581 Γ,
332 495 350 564 6
375 502 408 564 Γ
433 494 500 581 άρα
527 493 649 564 ἑαυτὸν
676 495 971 576 πολλαπλασιάσας
997 496 1061 565 τὸν
1088 506 1118 565 A

102 608 290 687 πεποίηκεν.
335 599 392 668 διδι
420 599 461 668 τά
488 599 572 669 αύτά
603 601 645 689 δὴ
674 603 730 670 καὶ
754 601 772 670 6
796 611 830 670 A
852 600 974 671 ἑαυτὸν
996 610 1119 671 πολλα·

69 709 291 788 οπλασιάσας
312 706 372 776 τὸν
395 716 424 776 Β
447 715 634 795 πεποίηκεν.
680 711 749 778 ἐπεὶ
774 702 878 777 οὖνὸ
902 713 934 776 Γ
957 708 1118 797 ἑκάτερον

101 818 170 883 τοῖν
202 822 244 901 Γ,
264 825 297 883 A
324 814 618 895 πολλαπλασιάσας
646 815 803 902 ἑκάτερον
835 818 905 882 τῶν
932 822 979 899 A,
999 821 1033 881 E
1062 840 1118 884 πε-

101 926 254 1006 ποίηκεν,
287 927 378 989 ἔστιν
406 919 472 1008 άρα
500 921 546 1000 ὡς
573 918 591 989 6
620 926 652 989 Γ
679 919 763 1009 πρὸς
788 923 850 989 τὸν
878 929 926 1006 A,
960 918 1069 1001 οὕτως
1097 949 1115 990 0

101 1036 134 1094 A
161 1025 245 1113 πρὸς
270 1026 332 1094 τὸν
360 1034 397 1094 Ε.
443 1027 499 1093 διὰ
527 1026 567 1094 τὰ
596 1024 681 1095 αὐτὰ
710 1025 752 1113 δὴ
780 1022 836 1094 καὶ
860 1025 946 1107 άςδ
976 1030 1010 1092 Γ
1032 1026 1117 1115 πρὸς

100 1131 162 1200 τὸν
190 1142 238 1218 A,
266 1133 372 1213 οὕτως
399 1132 417 1201 6
446 1141 478 1200 E
505 1132 589 1220 πρὸς
615 1131 675 1201 τὸν
703 1139 740 1200 Β.
785 1133 841 1199 καὶ
870 1129 914 1212 ὡς
942 1131 1008 1218 άρα
1037 1130 1055 1200 6
1084 1141 1116 1200 A

48 1250 82 1299 10
100 1237 184 1321 πρὸς
205 1238 266 1306 τὸν
289 1246 333 1323 Ε,
358 1236 465 1317 ούτοις
488 1236 506 1306 6
530 1245 562 1305 Ε
581 1237 666 1326 πρὸς
686 1236 747 1306 τὸν
770 1246 808 1305 Β.
849 1241 919 1305 τῶν
937 1247 980 1323 A,
999 1244 1030 1304 Β
1049 1237 1116 1325 άρα

100 1339 148 1424 εἷς
170 1346 270 1430 μέσος
292 1342 465 1430 άνάλογάν
488 1346 579 1413 ἐστιν
602 1342 756 1432 ἀριθμός.

167 1452 264 1536 Λέγω
293 1450 351 1536 δή,
385 1451 436 1518 ὅτι
463 1451 519 1518 καὶ
547 1448 565 1519 6
594 1460 626 1518 A
653 1449 737 1535 πρὸς
763 1449 824 1518 τὸν
851 1457 880 1517 Β
913 1453 1115 1519 διπλασίονα

99 1556 203 1642 λόγον
234 1561 299 1644 ἔχει
331 1555 415 1645 ἤπερ
448 1555 466 1625 6
495 1564 528 1626 Γ
549 1555 633 1645 πρὸς
658 1554 719 1625 τὸν
747 1565 788 1625 Δ.
834 1557 904 1624 ἐπεὶ
930 1555 996 1644 γάρ
1026 1571 1116 1644 τρεῖς

99 1660 241 1750 ἀριθμοὶ
264 1662 436 1751 ἀνάλογόν
459 1669 545 1731 εἰσιν
570 1666 605 1730 oc
625 1672 671 1748 A,
696 1670 740 1747 E,
764 1670 808 1748 B,
832 1660 850 1730 6
875 1672 907 1730 A
934 1662 1001 1750 άρα
1030 1662 1116 1751 πρὸς

47 1779 81 1828 15
98 1768 158 1837 τὸν
192 1777 220 1837 Β
254 1775 454 1838 διπλασίονα
486 1769 591 1855 λόγον
622 1774 687 1855 ἔχει
719 1767 803 1857 ἥπερ
836 1766 854 1836 6
879 1778 911 1836 A
939 1768 1025 1856 πρὸς
1053 1769 1114 1838 τὸν

98 1883 137 1944 Ε.
187 1872 232 1954 άις
264 1875 302 1943 δὲ
330 1876 347 1943 6
379 1885 411 1942 A
438 1873 521 1962 πρὸς
547 1873 608 1942 τὸν
636 1882 680 1959 Ε,
709 1872 858 1954 ούιωςὸ
889 1880 921 1942 Γ
943 1873 1029 1961 πρὸς
1052 1875 1115 1944 τὸν

99 1989 141 2048 A.
178 1978 195 2049 6
219 1990 252 2047 A
274 1980 340 2069 άρα
358 1979 441 2068 πρὸς
459 1980 519 2049 τὸν
542 1988 570 2047 Β
595 1984 795 2048 διπλασίονα
818 1979 922 2066 λόγον
941 1984 1008 2067 ἔχει
1027 1980 1113 2068 ἤπερ

98 2082 119 2170 ἡ
143 2092 175 2152 Γ
193 2084 319 2172 πλευρά
343 2085 427 2172 πρὸς
448 2085 510 2170 τὴν
535 2095 580 2152 A·
605 2086 687 2173 ὅπερ
712 2089 779 2152 ἔδει
803 2087 918 2166 δεῖξαι.

576 2280 633 2364 ιβ’.

98 2511 199 2575 εἰσιν
236 2506 419 2594 ἀριθμοί,
450 2508 514 2575 καὶ
547 2507 564 2576 6
598 2502 718 2594 κύβος
749 2508 847 2597 πρὸς
878 2508 949 2576 τδν
981 2510 1110 2596 κύβον

96 2619 360 2700 τριπλασίονα
392 2612 514 2701 λόγον
547 2620 626 2701 ἔχει
657 2614 753 2702 ἤπερ
786 2612 807 2701 ἡ
835 2613 984 2702 πλευρά
1013 2615 1111 2700 πρὸς

96 2717 166 2804 τὴν
190 2719 373 2806 πλευράν.

153 2824 328 2891 Ἔστωσαν
355 2824 453 2909 κύβοι
481 2822 623 2911 άριθμολ
652 2830 799 2910 οἱΑ,Β
823 2825 962 2892 καὶτοῦ
990 2825 1053 2911 μὲν
1077 2838 1109 2896 A

42 2942 76 2989 25
95 2927 222 3013 πλευρά
246 2933 328 2995 ἔσται
353 2926 371 2995 6
395 2934 438 3013 Γ,
460 2934 521 2996 τοῦ
546 2928 583 2996 δὲ
606 2937 634 2996 Β
659 2928 676 2998 6
702 2941 747 2996 A·
777 2932 872 3017 λέγω,
897 2929 1041 3000 ὅτιτῶν
1066 2943 1108 3019 A,

95 3041 124 3100 Β
149 3032 212 3099 δύο
236 3034 331 3119 μέσοι
354 3031 525 3120 ἀνάλογόν
548 3039 634 3102 εἰσιν
658 3032 816 3122 ἀριθμοί,
846 3036 901 3102 καὶ
926 3036 945 3104 6
969 3047 1002 3104 A
1024 3039 1109 3126 πρὸς

94 3139 155 3207 τὸν
178 3147 207 3206 Β
230 3146 449 3223 τριπλασίονα
472 3139 576 3227 λόγον
601 3146 666 3228 ἔχει
689 3138 772 3227 ἢπερ
792 3138 810 3210 6
831 3147 863 3209 Γ
882 3140 966 3230 πρὸς
983 3143 1045 3211 τὸν
1066 3157 1107 3212 A.

168 3323 191 3371 1.
211 3312 282 3386 γάρ]
301 3334 338 3370 m.
359 3323 374 3368 2
395 3318 430 3385 B,
449 3319 514 3386 post
532 3334 586 3372 ras.
607 3324 621 3370 1
641 3319 696 3372 litt.
717 3319 749 3372 V.
840 3325 865 3372 4.
884 3322 1023 3388 πεποίηκε
1042 3321 1104 3389 ch.

94 3392 119 3440 8.
140 3383 188 3440 διά
207 3382 242 3441 τά
262 3381 336 3441 αύτά
355 3383 390 3454 δὴ
411 3388 476 3458 καί]
495 3387 529 3453 P;
553 3384 638 3442 πάλιν
663 3384 725 3443 ἐπεὶ
744 3384 759 3443 ὃ
781 3392 808 3443 Γ
827 3387 877 3444 τὸν
897 3397 922 3445 A
945 3395 1104 3445 πολλαπλα-

93 3453 196 3520 σιάσας
213 3453 263 3512 τὸν
281 3460 307 3512 Ε
326 3460 497 3528 πεποίηκεν,
522 3455 536 3512 6
557 3457 589 3515 δὲ
610 3467 634 3514 A
658 3456 762 3515 ἑαυτὸν
785 3457 1033 3524 πολλαπλασιάσας
1055 3458 1106 3515 τὸν
