<?xml version="1.0" encoding="UTF-8"?>
<!DOCTYPE html PUBLIC "-//W3C//DTD XHTML 1.0 Transitional//EN"
    "http://www.w3.org/TR/xhtml1/DTD/xhtml1-transitional.dtd">
<html xmlns="http://www.w3.org/1999/xhtml" xml:lang="en" lang="en">
 <head>
  <title>
</title>
<meta http-equiv="Content-Type" content="text/html;charset=utf-8" />
  <meta name='ocr-system' content='tesseract 3.04.00' />
  <meta name='ocr-capabilities' content='ocr_page ocr_carea ocr_par ocr_line ocrx_word'/>
</head>
<body>
  <div class='ocr_page' id='page_1' title='image "./euclidisoperaom15unkngoog_0399.png"; bbox 0 0 2348 3818; ppageno 0'>
   <div class='ocr_carea' id='block_1_1' title="bbox 101 157 741 228">
    <p class='ocr_par' dir='ltr' id='par_1_1' title="bbox 101 157 741 228">
     <span class='ocr_line' id='line_1_1' title="bbox 101 157 741 228; baseline -0.005 -13"><span class='ocrx_word' id='word_1_1' title='bbox 101 161 167 228; x_wconf 75' lang='grc'><strong><em>376</em></strong></span> <span class='ocrx_word' id='word_1_2' title='bbox 478 159 680 215; x_wconf 77' lang='grc' dir='ltr'><em>ΣΤΟΙΧΕΙΩΝ</em></span> <span class='ocrx_word' id='word_1_3' title='bbox 696 157 741 213; x_wconf 71' lang='grc' dir='ltr'><strong><em>θ’.</em></strong></span> 
     </span>
    </p>
   </div>
   <div class='ocr_carea' id='block_1_2' title="bbox 51 293 1120 1551">
    <p class='ocr_par' dir='ltr' id='par_1_2' title="bbox 51 293 1120 1551">
     <span class='ocr_line' id='line_1_2' title="bbox 101 293 1120 390; baseline -0.01 -18"><span class='ocrx_word' id='word_1_4' title='bbox 101 308 170 372; x_wconf 78' lang='grc' dir='ltr'><strong><em>τῶν</em></strong></span> <span class='ocrx_word' id='word_1_5' title='bbox 198 310 282 388; x_wconf 85' lang='grc' dir='ltr'><em>ΛΕ,</em></span> <span class='ocrx_word' id='word_1_6' title='bbox 302 309 364 370; x_wconf 99' lang='grc' dir='ltr'><em>ΕΖ</em></span> <span class='ocrx_word' id='word_1_7' title='bbox 390 300 523 390; x_wconf 74' lang='grc' dir='ltr'><strong><em>πρῶτός</em></strong></span> <span class='ocrx_word' id='word_1_8' title='bbox 550 301 648 369; x_wconf 79' lang='grc' dir='ltr'><strong><em>ἐστιν.</em></strong></span> <span class='ocrx_word' id='word_1_9' title='bbox 694 296 778 367; x_wconf 79' lang='grc' dir='ltr'><em>ἀλλὰ</em></span> <span class='ocrx_word' id='word_1_10' title='bbox 812 296 879 386; x_wconf 84' lang='grc' dir='ltr'><strong><em>μὴν</em></strong></span> <span class='ocrx_word' id='word_1_11' title='bbox 909 297 968 364; x_wconf 78' lang='grc' dir='ltr'><strong><em>καὶ</em></strong></span> <span class='ocrx_word' id='word_1_12' title='bbox 1002 293 1022 364; x_wconf 92' lang='lat'><em>6</em></span> <span class='ocrx_word' id='word_1_13' title='bbox 1051 300 1120 363; x_wconf 89' lang='grc' dir='ltr'><em>ΔΕ</em></span> 
     </span>
     <span class='ocr_line' id='line_1_3' title="bbox 101 399 1119 496; baseline -0.008 -21"><span class='ocrx_word' id='word_1_14' title='bbox 101 407 185 496; x_wconf 78' lang='grc' dir='ltr'><em>πρὸς</em></span> <span class='ocrx_word' id='word_1_15' title='bbox 211 405 272 476; x_wconf 83' lang='grc' dir='ltr'><strong><em>τὸν</em></strong></span> <span class='ocrx_word' id='word_1_16' title='bbox 302 414 365 476; x_wconf 91' lang='grc' dir='ltr'><em>ΕΖ</em></span> <span class='ocrx_word' id='word_1_17' title='bbox 392 406 522 496; x_wconf 77' lang='grc' dir='ltr'><strong><em>πρῶτός</em></strong></span> <span class='ocrx_word' id='word_1_18' title='bbox 549 407 652 475; x_wconf 79' lang='grc' dir='ltr'><em>ἐστιν·</em></span> <span class='ocrx_word' id='word_1_19' title='bbox 681 407 717 473; x_wconf 77' lang='grc' dir='ltr'><strong><em>ολ</em></strong></span> <span class='ocrx_word' id='word_1_20' title='bbox 741 413 823 488; x_wconf 88' lang='grc' dir='ltr'><strong><em>ΔΖ,</em></strong></span> <span class='ocrx_word' id='word_1_21' title='bbox 842 410 912 471; x_wconf 89' lang='grc' dir='ltr'><em>ΔΕ</em></span> <span class='ocrx_word' id='word_1_22' title='bbox 938 401 1008 491; x_wconf 78' lang='grc' dir='ltr'><strong><em>ἄρα</em></strong></span> <span class='ocrx_word' id='word_1_23' title='bbox 1034 399 1119 490; x_wconf 78' lang='grc' dir='ltr'><strong><em>πρὸς</em></strong></span> 
     </span>
     <span class='ocr_line' id='line_1_4' title="bbox 101 507 1117 599; baseline -0.006 -18"><span class='ocrx_word' id='word_1_24' title='bbox 101 515 163 581; x_wconf 80' lang='grc' dir='ltr'><strong><em>τὸν</em></strong></span> <span class='ocrx_word' id='word_1_25' title='bbox 185 520 249 580; x_wconf 87' lang='grc' dir='ltr'><strong><em>ΕΖ</em></strong></span> <span class='ocrx_word' id='word_1_26' title='bbox 271 516 400 599; x_wconf 79' lang='grc' dir='ltr'><strong><em>πρῶτοί</em></strong></span> <span class='ocrx_word' id='word_1_27' title='bbox 416 517 511 581; x_wconf 79' lang='grc' dir='ltr'><strong><em>εἰσιν.</em></strong></span> <span class='ocrx_word' id='word_1_28' title='bbox 553 511 612 581; x_wconf 79' lang='grc' dir='ltr'><strong><em>ἐὰν</em></strong></span> <span class='ocrx_word' id='word_1_29' title='bbox 636 511 673 579; x_wconf 74' lang='grc' dir='ltr'><strong><em>δὲ</em></strong></span> <span class='ocrx_word' id='word_1_30' title='bbox 696 509 760 579; x_wconf 78' lang='grc' dir='ltr'><strong><em>δύο</em></strong></span> <span class='ocrx_word' id='word_1_31' title='bbox 780 508 920 598; x_wconf 77' lang='grc' dir='ltr'><em>ἀριθμοὶ</em></span> <span class='ocrx_word' id='word_1_32' title='bbox 939 507 1025 597; x_wconf 78' lang='grc' dir='ltr'><strong><em>πρός</em></strong></span> <span class='ocrx_word' id='word_1_33' title='bbox 1043 534 1117 575; x_wconf 81' lang='grc' dir='ltr'><strong><em>τινα</em></strong></span> 
     </span>
     <span class='ocr_line' id='line_1_5' title="bbox 102 609 1118 708; baseline -0.005 -22"><span class='ocrx_word' id='word_1_34' title='bbox 102 616 253 703; x_wconf 78' lang='grc' dir='ltr'><strong><em>ἀριθμὸν</em></strong></span> <span class='ocrx_word' id='word_1_35' title='bbox 283 623 411 708; x_wconf 77' lang='grc' dir='ltr'><strong><em>πρῶτοι</em></strong></span> <span class='ocrx_word' id='word_1_36' title='bbox 443 609 543 704; x_wconf 74' lang='grc' dir='ltr'><em>ὦσιν,</em></span> <span class='ocrx_word' id='word_1_37' title='bbox 573 618 631 686; x_wconf 79' lang='grc' dir='ltr'><strong><em>καὶ</em></strong></span> <span class='ocrx_word' id='word_1_38' title='bbox 663 615 681 686; x_wconf 92' lang='lat'><em>6</em></span> <span class='ocrx_word' id='word_1_39' title='bbox 720 618 754 698; x_wconf 76' lang='grc' dir='ltr'><strong><em>ἐξ</em></strong></span> <span class='ocrx_word' id='word_1_40' title='bbox 786 613 899 685; x_wconf 76' lang='grc' dir='ltr'><strong><em>αὐτῶν</em></strong></span> <span class='ocrx_word' id='word_1_41' title='bbox 934 613 1118 700; x_wconf 76' lang='grc' dir='ltr'><strong><em>γενόμενος</em></strong></span> 
     </span>
     <span class='ocr_line' id='line_1_6' title="bbox 67 719 1117 812; baseline -0.006 -21"><span class='ocrx_word' id='word_1_42' title='bbox 67 722 186 811; x_wconf 72' lang='grc' dir='ltr'><strong><em>ὂπρὸς</em></strong></span> <span class='ocrx_word' id='word_1_43' title='bbox 211 722 272 793; x_wconf 85' lang='grc' dir='ltr'><strong><em>τὸν</em></strong></span> <span class='ocrx_word' id='word_1_44' title='bbox 299 722 419 792; x_wconf 84' lang='grc' dir='ltr'><em>λοιπὸν</em></span> <span class='ocrx_word' id='word_1_45' title='bbox 445 723 575 812; x_wconf 78' lang='grc' dir='ltr'><strong><em>πρῶτός</em></strong></span> <span class='ocrx_word' id='word_1_46' title='bbox 602 726 706 792; x_wconf 82' lang='grc' dir='ltr'><em>ἐστιν·</em></span> <span class='ocrx_word' id='word_1_47' title='bbox 733 721 818 793; x_wconf 78' lang='grc' dir='ltr'><strong><em>ὥστε</em></strong></span> <span class='ocrx_word' id='word_1_48' title='bbox 845 719 863 790; x_wconf 88' lang='lat'><em>6</em></span> <span class='ocrx_word' id='word_1_49' title='bbox 887 722 1017 789; x_wconf 76' lang='grc' dir='ltr'><strong><em>ἐκτῶν</em></strong></span> <span class='ocrx_word' id='word_1_50' title='bbox 1040 727 1117 804; x_wconf 85' lang='grc' dir='ltr'><strong><em>ΖΔ,</em></strong></span> 
     </span>
     <span class='ocr_line' id='line_1_7' title="bbox 102 822 1116 918; baseline -0.005 -21"><span class='ocrx_word' id='word_1_51' title='bbox 102 836 173 897; x_wconf 87' lang='grc' dir='ltr'><em>ΔΕ</em></span> <span class='ocrx_word' id='word_1_52' title='bbox 193 829 277 918; x_wconf 79' lang='grc' dir='ltr'><strong><em>πρὸς</em></strong></span> <span class='ocrx_word' id='word_1_53' title='bbox 298 828 358 898; x_wconf 80' lang='grc' dir='ltr'><strong><em>τὸν</em></strong></span> <span class='ocrx_word' id='word_1_54' title='bbox 382 838 444 898; x_wconf 94' lang='grc' dir='ltr'><em>ΕΖ</em></span> <span class='ocrx_word' id='word_1_55' title='bbox 466 829 596 918; x_wconf 78' lang='grc' dir='ltr'><strong><em>πρῶτός</em></strong></span> <span class='ocrx_word' id='word_1_56' title='bbox 619 831 722 899; x_wconf 78' lang='grc' dir='ltr'><em>ἐστιν·</em></span> <span class='ocrx_word' id='word_1_57' title='bbox 751 826 913 896; x_wconf 75' lang='grc' dir='ltr'><strong><em>ὥστεκαὶ</em></strong></span> <span class='ocrx_word' id='word_1_58' title='bbox 936 822 954 894; x_wconf 86' lang='grc' dir='ltr'><strong>ὅ</strong></span> <span class='ocrx_word' id='word_1_59' title='bbox 984 828 1022 894; x_wconf 80' lang='grc' dir='ltr'><strong><em>ἐκ</em></strong></span> <span class='ocrx_word' id='word_1_60' title='bbox 1049 828 1116 893; x_wconf 74' lang='grc' dir='ltr'><strong><em>τῶν</em></strong></span> 
     </span>
     <span class='ocr_line' id='line_1_8' title="bbox 103 928 1114 1023; baseline -0.005 -22"><span class='ocrx_word' id='word_1_61' title='bbox 103 942 184 1022; x_wconf 86' lang='grc' dir='ltr'><strong><em>ΖΛ,</em></strong></span> <span class='ocrx_word' id='word_1_62' title='bbox 205 944 276 1003; x_wconf 85' lang='grc' dir='ltr'><em>ΛΕ</em></span> <span class='ocrx_word' id='word_1_63' title='bbox 295 935 378 1023; x_wconf 80' lang='grc' dir='ltr'><strong><em>πρὸς</em></strong></span> <span class='ocrx_word' id='word_1_64' title='bbox 399 934 460 1003; x_wconf 83' lang='grc' dir='ltr'><strong><em>τὸν</em></strong></span> <span class='ocrx_word' id='word_1_65' title='bbox 483 933 549 1003; x_wconf 77' lang='grc' dir='ltr'><strong><em>ἀπὸ</em></strong></span> <span class='ocrx_word' id='word_1_66' title='bbox 571 938 633 1003; x_wconf 78' lang='grc' dir='ltr'><strong><em>τοῦ</em></strong></span> <span class='ocrx_word' id='word_1_67' title='bbox 659 940 719 1002; x_wconf 91' lang='grc' dir='ltr'><strong><em>ΕΖ</em></strong></span> <span class='ocrx_word' id='word_1_68' title='bbox 741 933 872 1022; x_wconf 76' lang='grc' dir='ltr'><strong><em>πρῶτός</em></strong></span> <span class='ocrx_word' id='word_1_69' title='bbox 900 935 1000 1000; x_wconf 80' lang='grc' dir='ltr'><strong><em>ἐστιν.</em></strong></span> <span class='ocrx_word' id='word_1_70' title='bbox 1040 928 1114 1014; x_wconf 80' lang='grc' dir='ltr'>[ἐὰν</span> 
     </span>
     <span class='ocr_line' id='line_1_9' title="bbox 101 1029 1115 1129; baseline -0.005 -21"><span class='ocrx_word' id='word_1_71' title='bbox 101 1039 166 1129; x_wconf 78' lang='grc' dir='ltr'><strong><em>γὰρ</em></strong></span> <span class='ocrx_word' id='word_1_72' title='bbox 195 1040 258 1109; x_wconf 80' lang='grc' dir='ltr'><strong><em>δύο</em></strong></span> <span class='ocrx_word' id='word_1_73' title='bbox 285 1040 427 1129; x_wconf 74' lang='grc' dir='ltr'><em>ἀριθμοὶ</em></span> <span class='ocrx_word' id='word_1_74' title='bbox 453 1045 581 1128; x_wconf 78' lang='grc' dir='ltr'><strong><em>πρῶτοι</em></strong></span> <span class='ocrx_word' id='word_1_75' title='bbox 607 1039 691 1126; x_wconf 79' lang='grc' dir='ltr'><em>πρὸς</em></span> <span class='ocrx_word' id='word_1_76' title='bbox 718 1038 884 1126; x_wconf 79' lang='grc' dir='ltr'><em>ἀλλήλους</em></span> <span class='ocrx_word' id='word_1_77' title='bbox 906 1029 1009 1122; x_wconf 78' lang='grc' dir='ltr'><em>ὦσιν,</em></span> <span class='ocrx_word' id='word_1_78' title='bbox 1039 1033 1057 1104; x_wconf 91' lang='lat'><em>6</em></span> <span class='ocrx_word' id='word_1_79' title='bbox 1082 1038 1115 1104; x_wconf 83' lang='grc' dir='ltr'><strong><em>ἐκ</em></strong></span> 
     </span>
     <span class='ocr_line' id='line_1_10' title="bbox 101 1139 1115 1233; baseline -0.007 -19"><span class='ocrx_word' id='word_1_80' title='bbox 101 1155 162 1214; x_wconf 81' lang='grc' dir='ltr'><strong><em>τοῦ</em></strong></span> <span class='ocrx_word' id='word_1_81' title='bbox 190 1145 267 1227; x_wconf 84' lang='grc' dir='ltr'><strong>ἑνὸς</strong></span> <span class='ocrx_word' id='word_1_82' title='bbox 293 1145 406 1215; x_wconf 78' lang='grc' dir='ltr'><strong><em>αὐτῶν</em></strong></span> <span class='ocrx_word' id='word_1_83' title='bbox 434 1146 614 1233; x_wconf 82' lang='grc' dir='ltr'><strong><em>γενόμενος</em></strong></span> <span class='ocrx_word' id='word_1_84' title='bbox 640 1144 724 1233; x_wconf 82' lang='grc' dir='ltr'><strong><em>πρὸς</em></strong></span> <span class='ocrx_word' id='word_1_85' title='bbox 750 1144 809 1214; x_wconf 82' lang='grc' dir='ltr'><strong><em>τὸν</em></strong></span> <span class='ocrx_word' id='word_1_86' title='bbox 837 1141 957 1212; x_wconf 78' lang='grc' dir='ltr'><em>λοιπὸν</em></span> <span class='ocrx_word' id='word_1_87' title='bbox 985 1139 1115 1230; x_wconf 77' lang='grc' dir='ltr'><strong><em>πρῶτός</em></strong></span> 
     </span>
     <span class='ocr_line' id='line_1_11' title="bbox 51 1248 1115 1336; baseline -0.008 -16"><span class='ocrx_word' id='word_1_88' title='bbox 51 1263 85 1314; x_wconf 85' lang='grc'><strong><em>10</em></strong></span> <span class='ocrx_word' id='word_1_89' title='bbox 104 1255 217 1336; x_wconf 57' lang='lat' dir='ltr'><strong><em>gom}</em></strong></span> <span class='ocrx_word' id='word_1_90' title='bbox 264 1250 337 1320; x_wconf 77' lang='grc' dir='ltr'><em>ἀλλ’</em></span> <span class='ocrx_word' id='word_1_91' title='bbox 363 1249 382 1319; x_wconf 89' lang='grc' dir='ltr'><strong>ὁ</strong></span> <span class='ocrx_word' id='word_1_92' title='bbox 406 1254 441 1320; x_wconf 83' lang='grc' dir='ltr'><strong><em>ἐκ</em></strong></span> <span class='ocrx_word' id='word_1_93' title='bbox 462 1257 532 1320; x_wconf 80' lang='grc' dir='ltr'><strong><em>τῶν</em></strong></span> <span class='ocrx_word' id='word_1_94' title='bbox 555 1258 637 1336; x_wconf 83' lang='grc' dir='ltr'><strong><em>ΖΔ,</em></strong></span> <span class='ocrx_word' id='word_1_95' title='bbox 656 1259 727 1319; x_wconf 87' lang='grc' dir='ltr'><em>ΔΕ</em></span> <span class='ocrx_word' id='word_1_96' title='bbox 748 1249 766 1319; x_wconf 86' lang='lat'><em>6</em></span> <span class='ocrx_word' id='word_1_97' title='bbox 790 1248 856 1318; x_wconf 77' lang='grc' dir='ltr'><strong><em>ἀπὸ</em></strong></span> <span class='ocrx_word' id='word_1_98' title='bbox 878 1252 941 1317; x_wconf 82' lang='grc' dir='ltr'><strong><em>τοῦ</em></strong></span> <span class='ocrx_word' id='word_1_99' title='bbox 959 1254 1032 1315; x_wconf 86' lang='grc' dir='ltr'><em>ΔΕ</em></span> <span class='ocrx_word' id='word_1_100' title='bbox 1049 1250 1115 1315; x_wconf 82' lang='grc' dir='ltr'><strong><em>ἐστι</em></strong></span> 
     </span>
     <span class='ocr_line' id='line_1_12' title="bbox 102 1350 1113 1444; baseline -0.008 -18"><span class='ocrx_word' id='word_1_101' title='bbox 102 1356 183 1444; x_wconf 79' lang='grc' dir='ltr'><strong><em>μετὰ</em></strong></span> <span class='ocrx_word' id='word_1_102' title='bbox 207 1362 269 1426; x_wconf 83' lang='grc' dir='ltr'><strong><em>τοῦ</em></strong></span> <span class='ocrx_word' id='word_1_103' title='bbox 292 1360 329 1425; x_wconf 82' lang='grc' dir='ltr'><strong><em>ἐκ</em></strong></span> <span class='ocrx_word' id='word_1_104' title='bbox 349 1361 419 1425; x_wconf 78' lang='grc' dir='ltr'><strong><em>τῶν</em></strong></span> <span class='ocrx_word' id='word_1_105' title='bbox 443 1365 526 1442; x_wconf 86' lang='grc' dir='ltr'><em>ΔΕ,</em></span> <span class='ocrx_word' id='word_1_106' title='bbox 545 1364 620 1424; x_wconf 88' lang='grc' dir='ltr'><strong><em>ΕΖ·</em></strong></span> <span class='ocrx_word' id='word_1_107' title='bbox 644 1354 662 1424; x_wconf 89' lang='lat'><em>6</em></span> <span class='ocrx_word' id='word_1_108' title='bbox 688 1355 754 1444; x_wconf 78' lang='grc' dir='ltr'><strong><em>ἄρα</em></strong></span> <span class='ocrx_word' id='word_1_109' title='bbox 777 1353 841 1423; x_wconf 83' lang='grc' dir='ltr'><strong><em>ἀπὸ</em></strong></span> <span class='ocrx_word' id='word_1_110' title='bbox 865 1358 926 1423; x_wconf 79' lang='grc' dir='ltr'><strong><em>τοῦ</em></strong></span> <span class='ocrx_word' id='word_1_111' title='bbox 947 1360 1019 1420; x_wconf 89' lang='grc' dir='ltr'><em>ΔΕ</em></span> <span class='ocrx_word' id='word_1_112' title='bbox 1036 1350 1113 1439; x_wconf 79' lang='grc' dir='ltr'><strong><em>μετὰ</em></strong></span> 
     </span>
     <span class='ocr_line' id='line_1_13' title="bbox 102 1457 1116 1551; baseline -0.004 -22"><span class='ocrx_word' id='word_1_113' title='bbox 102 1466 164 1529; x_wconf 79' lang='grc' dir='ltr'><strong><em>τοῦ</em></strong></span> <span class='ocrx_word' id='word_1_114' title='bbox 187 1465 314 1531; x_wconf 76' lang='grc' dir='ltr'><strong><em>ἐκτῶν</em></strong></span> <span class='ocrx_word' id='word_1_115' title='bbox 337 1469 417 1550; x_wconf 86' lang='grc' dir='ltr'><em>ΔΕ,</em></span> <span class='ocrx_word' id='word_1_116' title='bbox 436 1471 498 1530; x_wconf 89' lang='grc' dir='ltr'><strong><em>ΕΖ</em></strong></span> <span class='ocrx_word' id='word_1_117' title='bbox 525 1460 610 1551; x_wconf 75' lang='grc' dir='ltr'><em>πρὸς</em></span> <span class='ocrx_word' id='word_1_118' title='bbox 630 1460 692 1530; x_wconf 80' lang='grc' dir='ltr'><strong><em>τὸν</em></strong></span> <span class='ocrx_word' id='word_1_119' title='bbox 715 1459 780 1530; x_wconf 76' lang='grc' dir='ltr'><strong><em>ἀπὸ</em></strong></span> <span class='ocrx_word' id='word_1_120' title='bbox 804 1464 864 1529; x_wconf 79' lang='grc' dir='ltr'><strong><em>τοῦ</em></strong></span> <span class='ocrx_word' id='word_1_121' title='bbox 893 1468 955 1527; x_wconf 88' lang='grc' dir='ltr'><strong><em>ΕΖ</em></strong></span> <span class='ocrx_word' id='word_1_122' title='bbox 984 1457 1116 1545; x_wconf 76' lang='grc' dir='ltr'><strong><em>πρῶτός</em></strong></span> 
     </span>
    </p>
   </div>
   <div class='ocr_carea' id='block_1_3' title="bbox 51 1561 1115 1867">
    <p class='ocr_par' dir='ltr' id='par_1_3' title="bbox 51 1561 1115 1867">
     <span class='ocr_line' id='line_1_14' title="bbox 103 1561 1114 1655; baseline -0.007 -19"><span class='ocrx_word' id='word_1_123' title='bbox 103 1568 202 1637; x_wconf 80' lang='grc' dir='ltr'><strong><em>ἐστιν.</em></strong></span> <span class='ocrx_word' id='word_1_124' title='bbox 246 1573 305 1636; x_wconf 83' lang='grc' dir='ltr'><strong><em>καί</em></strong></span> <span class='ocrx_word' id='word_1_125' title='bbox 330 1571 420 1637; x_wconf 79' lang='grc' dir='ltr'><strong><em>ἐστιν</em></strong></span> <span class='ocrx_word' id='word_1_126' title='bbox 448 1567 466 1637; x_wconf 91' lang='lat'><em>6</em></span> <span class='ocrx_word' id='word_1_127' title='bbox 495 1569 556 1655; x_wconf 74' lang='grc' dir='ltr'><strong><em>μὲν</em></strong></span> <span class='ocrx_word' id='word_1_128' title='bbox 583 1566 649 1636; x_wconf 81' lang='grc' dir='ltr'><strong><em>ἀπὸ</em></strong></span> <span class='ocrx_word' id='word_1_129' title='bbox 677 1574 738 1636; x_wconf 83' lang='grc' dir='ltr'><strong><em>τοῦ</em></strong></span> <span class='ocrx_word' id='word_1_130' title='bbox 762 1574 833 1635; x_wconf 92' lang='grc' dir='ltr'><em>ΔΕ</em></span> <span class='ocrx_word' id='word_1_131' title='bbox 854 1564 872 1634; x_wconf 90' lang='lat'><em>6</em></span> <span class='ocrx_word' id='word_1_132' title='bbox 897 1575 944 1649; x_wconf 87' lang='lat' dir='ltr'><strong><em>A,</em></strong></span> <span class='ocrx_word' id='word_1_133' title='bbox 973 1561 992 1630; x_wconf 90' lang='lat'><em>6</em></span> <span class='ocrx_word' id='word_1_134' title='bbox 1020 1563 1057 1630; x_wconf 74' lang='grc' dir='ltr'><strong><em>δὲ</em></strong></span> <span class='ocrx_word' id='word_1_135' title='bbox 1080 1565 1114 1630; x_wconf 79' lang='grc' dir='ltr'><strong><em>ἐκ</em></strong></span> 
     </span>
     <span class='ocr_line' id='line_1_15' title="bbox 102 1669 1114 1761; baseline -0.006 -21"><span class='ocrx_word' id='word_1_136' title='bbox 102 1677 171 1741; x_wconf 76' lang='grc' dir='ltr'><strong><em>τῶν</em></strong></span> <span class='ocrx_word' id='word_1_137' title='bbox 195 1681 277 1761; x_wconf 87' lang='grc' dir='ltr'><em>ΔΕ,</em></span> <span class='ocrx_word' id='word_1_138' title='bbox 296 1680 359 1742; x_wconf 87' lang='grc' dir='ltr'><strong><em>ΕΖ</em></strong></span> <span class='ocrx_word' id='word_1_139' title='bbox 382 1672 400 1743; x_wconf 89' lang='lat'><em>6</em></span> <span class='ocrx_word' id='word_1_140' title='bbox 425 1682 469 1760; x_wconf 84' lang='grc' dir='ltr'><strong><em>Β,</em></strong></span> <span class='ocrx_word' id='word_1_141' title='bbox 492 1673 510 1743; x_wconf 89' lang='lat'><em>6</em></span> <span class='ocrx_word' id='word_1_142' title='bbox 536 1675 575 1743; x_wconf 76' lang='grc' dir='ltr'><strong><em>δὲ</em></strong></span> <span class='ocrx_word' id='word_1_143' title='bbox 597 1673 662 1742; x_wconf 78' lang='grc' dir='ltr'><strong><em>ἀπὸ</em></strong></span> <span class='ocrx_word' id='word_1_144' title='bbox 686 1678 748 1742; x_wconf 82' lang='grc' dir='ltr'><strong><em>τοῦ</em></strong></span> <span class='ocrx_word' id='word_1_145' title='bbox 767 1680 830 1740; x_wconf 87' lang='grc' dir='ltr'><strong><em>ΕΖ</em></strong></span> <span class='ocrx_word' id='word_1_146' title='bbox 853 1669 872 1739; x_wconf 87' lang='grc' dir='ltr'>ὁ</span> <span class='ocrx_word' id='word_1_147' title='bbox 895 1676 936 1738; x_wconf 90' lang='grc' dir='ltr'><strong><em>Γ·</em></strong></span> <span class='ocrx_word' id='word_1_148' title='bbox 964 1671 1001 1737; x_wconf 79' lang='grc' dir='ltr'><strong><em>οἱ</em></strong></span> <span class='ocrx_word' id='word_1_149' title='bbox 1021 1675 1114 1753; x_wconf 86' lang='grc' dir='ltr'><strong><em>Α,Β</em></strong></span> 
     </span>
     <span class='ocr_line' id='line_1_16' title="bbox 51 1771 1115 1867; baseline 0 -27"><span class='ocrx_word' id='word_1_150' title='bbox 51 1789 84 1840; x_wconf 75' lang='grc'><strong><em>15</em></strong></span> <span class='ocrx_word' id='word_1_151' title='bbox 102 1775 169 1866; x_wconf 75' lang='grc' dir='ltr'><strong><em>ἄρα</em></strong></span> <span class='ocrx_word' id='word_1_152' title='bbox 197 1781 414 1860; x_wconf 74' lang='grc' dir='ltr'><strong><em>συντεθέντες</em></strong></span> <span class='ocrx_word' id='word_1_153' title='bbox 440 1780 524 1867; x_wconf 79' lang='grc' dir='ltr'><em>πρὸς</em></span> <span class='ocrx_word' id='word_1_154' title='bbox 550 1781 611 1848; x_wconf 85' lang='grc' dir='ltr'><strong><em>τὸν</em></strong></span> <span class='ocrx_word' id='word_1_155' title='bbox 639 1786 671 1846; x_wconf 91' lang='grc' dir='ltr'>Γ</span> <span class='ocrx_word' id='word_1_156' title='bbox 694 1783 823 1867; x_wconf 77' lang='grc' dir='ltr'><strong><em>πρῶτοί</em></strong></span> <span class='ocrx_word' id='word_1_157' title='bbox 850 1782 944 1845; x_wconf 79' lang='grc' dir='ltr'><strong><em>εἰσιν.</em></strong></span> <span class='ocrx_word' id='word_1_158' title='bbox 991 1771 1115 1860; x_wconf 81' lang='grc' dir='ltr'><strong><em>ὁμοίως</em></strong></span> 
     </span>
    </p>
   </div>
   <div class='ocr_carea' id='block_1_4' title="bbox 50 1881 1119 2710">
    <p class='ocr_par' dir='ltr' id='par_1_4' title="bbox 50 1881 1119 2710">
     <span class='ocr_line' id='line_1_17' title="bbox 103 1881 1118 1971; baseline -0.007 -20"><span class='ocrx_word' id='word_1_159' title='bbox 103 1881 146 1969; x_wconf 74' lang='grc' dir='ltr'><strong><em>δὴ</em></strong></span> <span class='ocrx_word' id='word_1_160' title='bbox 179 1886 346 1970; x_wconf 79' lang='grc' dir='ltr'><em>δείξομεν,</em></span> <span class='ocrx_word' id='word_1_161' title='bbox 379 1884 431 1952; x_wconf 81' lang='grc' dir='ltr'><strong><em>ὅτι</em></strong></span> <span class='ocrx_word' id='word_1_162' title='bbox 461 1886 518 1952; x_wconf 79' lang='grc' dir='ltr'><strong><em>καὶ</em></strong></span> <span class='ocrx_word' id='word_1_163' title='bbox 546 1889 581 1953; x_wconf 81' lang='grc' dir='ltr'><strong><em>ολ</em></strong></span> <span class='ocrx_word' id='word_1_164' title='bbox 606 1893 650 1970; x_wconf 81' lang='grc' dir='ltr'><strong><em>Β,</em></strong></span> <span class='ocrx_word' id='word_1_165' title='bbox 669 1892 701 1953; x_wconf 91' lang='grc' dir='ltr'>Γ</span> <span class='ocrx_word' id='word_1_166' title='bbox 728 1881 811 1971; x_wconf 82' lang='grc' dir='ltr'>πρὸς</span> <span class='ocrx_word' id='word_1_167' title='bbox 842 1882 903 1950; x_wconf 85' lang='grc' dir='ltr'><strong><em>τὸν</em></strong></span> <span class='ocrx_word' id='word_1_168' title='bbox 930 1890 963 1948; x_wconf 94' lang='grc' dir='ltr'><em>Α</em></span> <span class='ocrx_word' id='word_1_169' title='bbox 989 1884 1118 1964; x_wconf 75' lang='grc' dir='ltr'><strong><em>πρῶτοί</em></strong></span> 
     </span>
     <span class='ocr_line' id='line_1_18' title="bbox 103 1987 1118 2076; baseline -0.006 -20"><span class='ocrx_word' id='word_1_170' title='bbox 103 1993 198 2056; x_wconf 79' lang='grc' dir='ltr'><strong><em>εἰσιν.</em></strong></span> <span class='ocrx_word' id='word_1_171' title='bbox 243 1991 328 2075; x_wconf 78' lang='grc' dir='ltr'><em>λέγω</em></span> <span class='ocrx_word' id='word_1_172' title='bbox 352 1990 406 2076; x_wconf 76' lang='grc' dir='ltr'><strong><em>δή,</em></strong></span> <span class='ocrx_word' id='word_1_173' title='bbox 430 1989 481 2058; x_wconf 83' lang='grc' dir='ltr'><strong><em>ὅτι</em></strong></span> <span class='ocrx_word' id='word_1_174' title='bbox 504 1991 559 2058; x_wconf 80' lang='grc' dir='ltr'><strong><em>καὶ</em></strong></span> <span class='ocrx_word' id='word_1_175' title='bbox 584 1994 618 2058; x_wconf 76' lang='grc' dir='ltr'><strong><em>οἱ</em></strong></span> <span class='ocrx_word' id='word_1_176' title='bbox 638 1999 682 2075; x_wconf 88' lang='lat' dir='ltr'><strong><em>A,</em></strong></span> <span class='ocrx_word' id='word_1_177' title='bbox 702 1998 733 2058; x_wconf 92' lang='grc' dir='ltr'>Γ</span> <span class='ocrx_word' id='word_1_178' title='bbox 752 1990 835 2076; x_wconf 82' lang='grc' dir='ltr'>πρὸς</span> <span class='ocrx_word' id='word_1_179' title='bbox 856 1987 917 2055; x_wconf 81' lang='grc' dir='ltr'><strong><em>τὸν</em></strong></span> <span class='ocrx_word' id='word_1_180' title='bbox 936 1993 965 2053; x_wconf 91' lang='grc' dir='ltr'><strong>Β</strong></span> <span class='ocrx_word' id='word_1_181' title='bbox 988 1988 1118 2073; x_wconf 79' lang='grc' dir='ltr'><strong><em>πρῶτοί</em></strong></span> 
     </span>
     <span class='ocr_line' id='line_1_19' title="bbox 103 2093 1115 2183; baseline -0.004 -23"><span class='ocrx_word' id='word_1_182' title='bbox 103 2097 199 2162; x_wconf 79' lang='grc' dir='ltr'><strong><em>εἰσιν.</em></strong></span> <span class='ocrx_word' id='word_1_183' title='bbox 245 2095 314 2162; x_wconf 81' lang='grc' dir='ltr'><strong><em>ἐπεὶ</em></strong></span> <span class='ocrx_word' id='word_1_184' title='bbox 336 2095 402 2183; x_wconf 81' lang='grc' dir='ltr'><strong><em>γὰρ</em></strong></span> <span class='ocrx_word' id='word_1_185' title='bbox 426 2093 444 2163; x_wconf 88' lang='lat'><em>6</em></span> <span class='ocrx_word' id='word_1_186' title='bbox 470 2103 536 2162; x_wconf 89' lang='grc' dir='ltr'><strong><em>ΔΖ</em></strong></span> <span class='ocrx_word' id='word_1_187' title='bbox 559 2095 643 2183; x_wconf 79' lang='grc' dir='ltr'><em>πρὸς</em></span> <span class='ocrx_word' id='word_1_188' title='bbox 665 2095 822 2182; x_wconf 82' lang='grc' dir='ltr'><em>ἑκάτερον</em></span> <span class='ocrx_word' id='word_1_189' title='bbox 850 2097 918 2160; x_wconf 77' lang='grc' dir='ltr'><strong><em>τῶν</em></strong></span> <span class='ocrx_word' id='word_1_190' title='bbox 949 2099 1035 2175; x_wconf 85' lang='grc' dir='ltr'><em>ΛΕ,</em></span> <span class='ocrx_word' id='word_1_191' title='bbox 1055 2097 1115 2156; x_wconf 92' lang='grc' dir='ltr'><strong><em>ΕΖ</em></strong></span> 
     </span>
     <span class='ocr_line' id='line_1_20' title="bbox 102 2196 1116 2286; baseline -0.003 -21"><span class='ocrx_word' id='word_1_192' title='bbox 102 2199 234 2283; x_wconf 77' lang='grc' dir='ltr'><strong><em>πρῶτός</em></strong></span> <span class='ocrx_word' id='word_1_193' title='bbox 262 2202 367 2286; x_wconf 82' lang='grc' dir='ltr'><strong><em>ἐστιν,</em></strong></span> <span class='ocrx_word' id='word_1_194' title='bbox 396 2201 451 2268; x_wconf 83' lang='grc' dir='ltr'><strong><em>καὶ</em></strong></span> <span class='ocrx_word' id='word_1_195' title='bbox 480 2199 498 2269; x_wconf 89' lang='lat'><em>6</em></span> <span class='ocrx_word' id='word_1_196' title='bbox 527 2199 591 2269; x_wconf 80' lang='grc' dir='ltr'><strong><em>ἀπὸ</em></strong></span> <span class='ocrx_word' id='word_1_197' title='bbox 621 2205 682 2268; x_wconf 83' lang='grc' dir='ltr'><strong><em>τοῦ</em></strong></span> <span class='ocrx_word' id='word_1_198' title='bbox 707 2206 773 2267; x_wconf 84' lang='grc' dir='ltr'><strong><em>ΛΖ</em></strong></span> <span class='ocrx_word' id='word_1_199' title='bbox 795 2197 879 2286; x_wconf 82' lang='grc' dir='ltr'><em>πρὸς</em></span> <span class='ocrx_word' id='word_1_200' title='bbox 901 2196 961 2264; x_wconf 80' lang='grc' dir='ltr'><strong><em>τὸν</em></strong></span> <span class='ocrx_word' id='word_1_201' title='bbox 985 2199 1022 2264; x_wconf 83' lang='grc' dir='ltr'><strong><em>ἐκ</em></strong></span> <span class='ocrx_word' id='word_1_202' title='bbox 1048 2201 1116 2262; x_wconf 81' lang='grc' dir='ltr'><strong><em>τῶν</em></strong></span> 
     </span>
     <span class='ocr_line' id='line_1_21' title="bbox 50 2303 1116 2396; baseline -0.003 -27"><span class='ocrx_word' id='word_1_203' title='bbox 50 2315 86 2365; x_wconf 82' lang='lat'><strong><em>20</em></strong></span> <span class='ocrx_word' id='word_1_204' title='bbox 106 2310 188 2388; x_wconf 88' lang='grc' dir='ltr'><em>ΔΕ,</em></span> <span class='ocrx_word' id='word_1_205' title='bbox 208 2312 270 2371; x_wconf 89' lang='grc' dir='ltr'><strong><em>ΕΖ</em></strong></span> <span class='ocrx_word' id='word_1_206' title='bbox 293 2306 422 2392; x_wconf 79' lang='grc' dir='ltr'><strong><em>πρῶτός</em></strong></span> <span class='ocrx_word' id='word_1_207' title='bbox 446 2309 545 2374; x_wconf 83' lang='grc' dir='ltr'><strong><em>ἐστιν.</em></strong></span> <span class='ocrx_word' id='word_1_208' title='bbox 591 2303 744 2396; x_wconf 77' lang='grc' dir='ltr'><em>ἄλλάτῷ</em></span> <span class='ocrx_word' id='word_1_209' title='bbox 768 2303 920 2371; x_wconf 75' lang='grc' dir='ltr'><em>ἀπὸτοῦ</em></span> <span class='ocrx_word' id='word_1_210' title='bbox 951 2310 1018 2368; x_wconf 85' lang='grc' dir='ltr'><strong><em>ΛΖ</em></strong></span> <span class='ocrx_word' id='word_1_211' title='bbox 1048 2309 1116 2369; x_wconf 71' lang='grc' dir='ltr'><em>ἶσοι</em></span> 
     </span>
     <span class='ocr_line' id='line_1_22' title="bbox 104 2406 1117 2498; baseline -0.004 -22"><span class='ocrx_word' id='word_1_212' title='bbox 104 2409 190 2477; x_wconf 77' lang='grc' dir='ltr'><em>εἰσὶν</em></span> <span class='ocrx_word' id='word_1_213' title='bbox 215 2412 250 2476; x_wconf 80' lang='grc' dir='ltr'><strong><em>ολ</em></strong></span> <span class='ocrx_word' id='word_1_214' title='bbox 269 2406 334 2478; x_wconf 77' lang='grc' dir='ltr'><strong><em>ἀπὸ</em></strong></span> <span class='ocrx_word' id='word_1_215' title='bbox 357 2416 426 2479; x_wconf 79' lang='grc' dir='ltr'><strong><em>τῶν</em></strong></span> <span class='ocrx_word' id='word_1_216' title='bbox 450 2420 529 2498; x_wconf 83' lang='grc' dir='ltr'><em>ΛΕ,</em></span> <span class='ocrx_word' id='word_1_217' title='bbox 549 2419 612 2479; x_wconf 92' lang='grc' dir='ltr'><strong><em>ΕΖ</em></strong></span> <span class='ocrx_word' id='word_1_218' title='bbox 635 2409 715 2497; x_wconf 80' lang='grc' dir='ltr'><em>μετὰ</em></span> <span class='ocrx_word' id='word_1_219' title='bbox 734 2415 794 2477; x_wconf 82' lang='grc' dir='ltr'><strong><em>τοῦ</em></strong></span> <span class='ocrx_word' id='word_1_220' title='bbox 815 2409 867 2487; x_wconf 76' lang='grc' dir='ltr'><strong><em>δὶς</em></strong></span> <span class='ocrx_word' id='word_1_221' title='bbox 886 2410 921 2474; x_wconf 82' lang='grc' dir='ltr'><strong><em>ἐκ</em></strong></span> <span class='ocrx_word' id='word_1_222' title='bbox 944 2411 1013 2474; x_wconf 75' lang='grc' dir='ltr'><strong><em>τῶν</em></strong></span> <span class='ocrx_word' id='word_1_223' title='bbox 1037 2413 1117 2490; x_wconf 86' lang='grc' dir='ltr'><em>ΔΕ,</em></span> 
     </span>
     <span class='ocr_line' id='line_1_23' title="bbox 103 2511 1118 2603; baseline -0.002 -24"><span class='ocrx_word' id='word_1_224' title='bbox 103 2520 179 2580; x_wconf 91' lang='grc' dir='ltr'><strong><em>ΕΖ·</em></strong></span> <span class='ocrx_word' id='word_1_225' title='bbox 210 2515 267 2581; x_wconf 85' lang='grc' dir='ltr'><strong><em>καλ</em></strong></span> <span class='ocrx_word' id='word_1_226' title='bbox 300 2519 334 2583; x_wconf 75' lang='grc' dir='ltr'><strong><em>οἱ</em></strong></span> <span class='ocrx_word' id='word_1_227' title='bbox 364 2514 429 2584; x_wconf 76' lang='grc' dir='ltr'><strong><em>ἀπὸ</em></strong></span> <span class='ocrx_word' id='word_1_228' title='bbox 463 2521 531 2584; x_wconf 78' lang='grc' dir='ltr'><strong><em>τῶν</em></strong></span> <span class='ocrx_word' id='word_1_229' title='bbox 564 2525 649 2601; x_wconf 86' lang='grc' dir='ltr'><em>ΛΕ,</em></span> <span class='ocrx_word' id='word_1_230' title='bbox 669 2522 732 2583; x_wconf 89' lang='grc' dir='ltr'><strong><em>ΕΖ</em></strong></span> <span class='ocrx_word' id='word_1_231' title='bbox 764 2513 829 2603; x_wconf 75' lang='grc' dir='ltr'><strong><em>ἄρα</em></strong></span> <span class='ocrx_word' id='word_1_232' title='bbox 862 2511 941 2599; x_wconf 78' lang='grc' dir='ltr'><strong><em>μετὰ</em></strong></span> <span class='ocrx_word' id='word_1_233' title='bbox 968 2515 1033 2579; x_wconf 81' lang='grc' dir='ltr'><strong><em>τοῦ</em></strong></span> <span class='ocrx_word' id='word_1_234' title='bbox 1065 2511 1118 2590; x_wconf 75' lang='grc' dir='ltr'><strong><em>δὶς</em></strong></span> 
     </span>
     <span class='ocr_line' id='line_1_24' title="bbox 103 2617 1119 2710; baseline -0.004 -23"><span class='ocrx_word' id='word_1_235' title='bbox 103 2618 168 2688; x_wconf 82' lang='grc' dir='ltr'><strong><em>ὑπὸ</em></strong></span> <span class='ocrx_word' id='word_1_236' title='bbox 193 2624 261 2689; x_wconf 76' lang='grc' dir='ltr'><strong><em>τῶν</em></strong></span> <span class='ocrx_word' id='word_1_237' title='bbox 285 2628 367 2707; x_wconf 84' lang='grc' dir='ltr'><em>ΛΕ,</em></span> <span class='ocrx_word' id='word_1_238' title='bbox 387 2630 450 2689; x_wconf 89' lang='grc' dir='ltr'><strong><em>ΕΖ</em></strong></span> <span class='ocrx_word' id='word_1_239' title='bbox 472 2621 556 2710; x_wconf 81' lang='grc' dir='ltr'><em>πρὸς</em></span> <span class='ocrx_word' id='word_1_240' title='bbox 577 2620 638 2689; x_wconf 81' lang='grc' dir='ltr'><strong><em>τὸν</em></strong></span> <span class='ocrx_word' id='word_1_241' title='bbox 661 2617 726 2688; x_wconf 80' lang='grc' dir='ltr'><strong><em>ὑπὸ</em></strong></span> <span class='ocrx_word' id='word_1_242' title='bbox 750 2624 818 2688; x_wconf 78' lang='grc' dir='ltr'><strong><em>τῶν</em></strong></span> <span class='ocrx_word' id='word_1_243' title='bbox 844 2626 921 2703; x_wconf 83' lang='grc' dir='ltr'><em>ΔΕ,</em></span> <span class='ocrx_word' id='word_1_244' title='bbox 939 2624 1004 2685; x_wconf 94' lang='grc' dir='ltr'><em>ΕΖ</em></span> <span class='ocrx_word' id='word_1_245' title='bbox 1031 2621 1119 2704; x_wconf 80' lang='grc' dir='ltr'><strong><em>πρῶ-</em></strong></span> 
     </span>
    </p>
   </div>
   <div class='ocr_carea' id='block_1_5' title="bbox 103 2720 1119 2856">
    <p class='ocr_par' dir='ltr' id='par_1_5' title="bbox 103 2720 1119 2856">
     <span class='ocr_line' id='line_1_25' title="bbox 103 2720 1119 2856; baseline -0.005 -63"><span class='ocrx_word' id='word_1_246' title='bbox 103 2730 159 2793; x_wconf 83' lang='grc' dir='ltr'><strong><em>τοί</em></strong></span> <span class='ocrx_word' id='word_1_247' title='bbox 185 2727 478 2856; x_wconf 32' lang='grc' dir='ltr'><em>[εἰσιλχδιελόντι</em></span> <span class='ocrx_word' id='word_1_248' title='bbox 507 2731 543 2795; x_wconf 81' lang='lat' dir='ltr'><strong><em>oc</em></strong></span> <span class='ocrx_word' id='word_1_249' title='bbox 567 2725 633 2794; x_wconf 77' lang='grc' dir='ltr'><strong><em>ἀπὸ</em></strong></span> <span class='ocrx_word' id='word_1_250' title='bbox 661 2729 730 2794; x_wconf 76' lang='grc' dir='ltr'><strong><em>τῶν</em></strong></span> <span class='ocrx_word' id='word_1_251' title='bbox 755 2732 837 2809; x_wconf 80' lang='grc' dir='ltr'><em>ΔΕ,</em></span> <span class='ocrx_word' id='word_1_252' title='bbox 857 2731 919 2791; x_wconf 90' lang='grc' dir='ltr'><strong><em>ΕΖ</em></strong></span> <span class='ocrx_word' id='word_1_253' title='bbox 945 2720 1026 2809; x_wconf 82' lang='grc' dir='ltr'><strong><em>μετὰ</em></strong></span> <span class='ocrx_word' id='word_1_254' title='bbox 1056 2725 1119 2789; x_wconf 84' lang='grc' dir='ltr'><strong><em>τοῦ</em></strong></span> 
     </span>
    </p>
   </div>
   <div class='ocr_carea' id='block_1_6' title="bbox 103 2965 1122 3532">
    <p class='ocr_par' dir='ltr' id='par_1_6' title="bbox 103 2965 1122 3532">
     <span class='ocr_line' id='line_1_26' title="bbox 175 2965 1119 3042; baseline 0 -19"><span class='ocrx_word' id='word_1_255' title='bbox 175 2976 199 3024; x_wconf 76' lang='lat'><strong><em>2.</em></strong></span> <span class='ocrx_word' id='word_1_256' title='bbox 215 2971 322 3037; x_wconf 78' lang='grc' dir='ltr'><strong><em>πρῶτοί</em></strong></span> <span class='ocrx_word' id='word_1_257' title='bbox 333 2969 387 3025; x_wconf 80' lang='grc' dir='ltr'><em>εἰσι</em></span> <span class='ocrx_word' id='word_1_258' title='bbox 400 2967 470 3042; x_wconf 82' lang='grc' dir='ltr'><em>πρὸς</em></span> <span class='ocrx_word' id='word_1_259' title='bbox 483 2968 534 3025; x_wconf 77' lang='grc' dir='ltr'><strong><em>τὸν</em></strong></span> <span class='ocrx_word' id='word_1_260' title='bbox 548 2971 679 3038; x_wconf 66' lang='grc' dir='ltr'><em>ΕΖἾφ.</em></span> <span class='ocrx_word' id='word_1_261' title='bbox 717 2965 787 3037; x_wconf 77' lang='grc' dir='ltr'><strong><em>πρὸς</em></strong></span> <span class='ocrx_word' id='word_1_262' title='bbox 800 2965 928 3038; x_wconf 81' lang='grc' dir='ltr'><em>τὸνΕΖ]</em></span> <span class='ocrx_word' id='word_1_263' title='bbox 939 2984 992 3021; x_wconf 89' lang='lat' dir='ltr'><strong><em>om.</em></strong></span> <span class='ocrx_word' id='word_1_264' title='bbox 1005 2968 1034 3021; x_wconf 89' lang='lat' dir='ltr'><strong><em>B.</em></strong></span> <span class='ocrx_word' id='word_1_265' title='bbox 1094 2976 1119 3023; x_wconf 91' lang='grc'><strong><em>3.</em></strong></span> 
     </span>
     <span class='ocr_line' id='line_1_27' title="bbox 104 3034 1119 3111; baseline -0.001 -18"><span class='ocrx_word' id='word_1_266' title='bbox 104 3038 158 3093; x_wconf 81' lang='grc' dir='ltr'><strong><em>εἰσι</em></strong></span> <span class='ocrx_word' id='word_1_267' title='bbox 168 3057 194 3108; x_wconf 92' lang='lat' dir='ltr'><strong><em>q.</em></strong></span> <span class='ocrx_word' id='word_1_268' title='bbox 232 3037 285 3096; x_wconf 74' lang='grc' dir='ltr'><strong><em>ἐὰν</em></strong></span> <span class='ocrx_word' id='word_1_269' title='bbox 298 3039 332 3096; x_wconf 76' lang='grc' dir='ltr'><strong><em>δέ</em></strong></span> <span class='ocrx_word' id='word_1_270' title='bbox 342 3073 375 3082; x_wconf 93' lang='grc'>-</span> <span class='ocrx_word' id='word_1_271' title='bbox 386 3049 417 3096; x_wconf 77' lang='lat'><strong><em>5:</em></strong></span> <span class='ocrx_word' id='word_1_272' title='bbox 433 3039 542 3109; x_wconf 80' lang='grc' dir='ltr'><strong><em>πρῶτός</em></strong></span> <span class='ocrx_word' id='word_1_273' title='bbox 556 3037 643 3111; x_wconf 76' lang='grc' dir='ltr'><strong><em>ἐστιν]</em></strong></span> <span class='ocrx_word' id='word_1_274' title='bbox 654 3058 707 3095; x_wconf 88' lang='lat' dir='ltr'><strong><em>om.</em></strong></span> <span class='ocrx_word' id='word_1_275' title='bbox 717 3040 814 3094; x_wconf 85' lang='lat' dir='ltr'>Theon</span> <span class='ocrx_word' id='word_1_276' title='bbox 825 3038 959 3108; x_wconf 75' lang='lat' dir='ltr'>(Bchq).</span> <span class='ocrx_word' id='word_1_277' title='bbox 997 3043 1021 3090; x_wconf 78' lang='lat'><strong><em>5.</em></strong></span> <span class='ocrx_word' id='word_1_278' title='bbox 1034 3034 1119 3109; x_wconf 80' lang='grc' dir='ltr'><strong>ὥστε]</strong></span> 
     </span>
     <span class='ocr_line' id='line_1_28' title="bbox 103 3105 1120 3182; baseline -0.003 -18"><span class='ocrx_word' id='word_1_279' title='bbox 103 3111 156 3164; x_wconf 81' lang='grc' dir='ltr'><strong><em>καί</em></strong></span> <span class='ocrx_word' id='word_1_280' title='bbox 174 3109 271 3167; x_wconf 86' lang='lat' dir='ltr'>Theon</span> <span class='ocrx_word' id='word_1_281' title='bbox 286 3113 419 3182; x_wconf 59' lang='lat' dir='ltr'>(Bqu).</span> <span class='ocrx_word' id='word_1_282' title='bbox 468 3113 535 3181; x_wconf 90' lang='grc' dir='ltr'><strong><em>ΖΔ]</em></strong></span> <span class='ocrx_word' id='word_1_283' title='bbox 556 3116 662 3180; x_wconf 69' lang='grc' dir='ltr'><strong><em>ΔΖφᾳ</em></strong></span> <span class='ocrx_word' id='word_1_284' title='bbox 681 3110 752 3165; x_wconf 75' lang='lat' dir='ltr'>etin</span> <span class='ocrx_word' id='word_1_285' title='bbox 772 3128 824 3165; x_wconf 80' lang='lat' dir='ltr'>ras.</span> <span class='ocrx_word' id='word_1_286' title='bbox 840 3110 872 3164; x_wconf 90' lang='lat' dir='ltr'><strong><em>V.</em></strong></span> <span class='ocrx_word' id='word_1_287' title='bbox 936 3115 959 3162; x_wconf 86' lang='lat'><strong><em>6.</em></strong></span> <span class='ocrx_word' id='word_1_288' title='bbox 980 3113 1037 3162; x_wconf 85' lang='grc' dir='ltr'><em>ΔΕ</em></span> <span class='ocrx_word' id='word_1_289' title='bbox 1061 3105 1120 3174; x_wconf 78' lang='grc' dir='ltr'><strong><em>ἄρα</em></strong></span> 
     </span>
     <span class='ocr_line' id='line_1_29' title="bbox 104 3175 1120 3251; baseline 0 -17"><span class='ocrx_word' id='word_1_290' title='bbox 104 3180 201 3235; x_wconf 81' lang='lat' dir='ltr'>Theon</span> <span class='ocrx_word' id='word_1_291' title='bbox 220 3182 365 3251; x_wconf 59' lang='lat' dir='ltr'>(Bqu).</span> <span class='ocrx_word' id='word_1_292' title='bbox 422 3189 446 3236; x_wconf 88' lang='grc'><strong><em>6.</em></strong></span> <span class='ocrx_word' id='word_1_293' title='bbox 466 3177 535 3236; x_wconf 73' lang='grc' dir='ltr'><em>ὥστε</em></span> <span class='ocrx_word' id='word_1_294' title='bbox 555 3183 652 3235; x_wconf 80' lang='grc' dir='ltr'><strong><em>καί-</em></strong></span> <span class='ocrx_word' id='word_1_295' title='bbox 667 3188 695 3235; x_wconf 76' lang='lat'><strong><em>⁷:</em></strong></span> <span class='ocrx_word' id='word_1_296' title='bbox 719 3177 828 3247; x_wconf 79' lang='grc' dir='ltr'><strong>πρῶτός</strong></span> <span class='ocrx_word' id='word_1_297' title='bbox 842 3175 933 3249; x_wconf 76' lang='grc' dir='ltr'><strong><em>ἐστίν]</em></strong></span> <span class='ocrx_word' id='word_1_298' title='bbox 948 3196 1001 3233; x_wconf 90' lang='lat' dir='ltr'><strong><em>om.</em></strong></span> <span class='ocrx_word' id='word_1_299' title='bbox 1018 3179 1120 3234; x_wconf 82' lang='lat' dir='ltr'>Theon</span> 
     </span>
     <span class='ocr_line' id='line_1_30' title="bbox 104 3244 1122 3337; baseline -0.002 -33"><span class='ocrx_word' id='word_1_300' title='bbox 104 3251 240 3319; x_wconf 53' lang='lat' dir='ltr'><strong>(vaq).</strong></span> <span class='ocrx_word' id='word_1_301' title='bbox 330 3258 354 3306; x_wconf 90' lang='grc'><strong><em>8.</em></strong></span> <span class='ocrx_word' id='word_1_302' title='bbox 374 3248 444 3323; x_wconf 75' lang='grc' dir='ltr'><strong><em>γάρ]</em></strong></span> <span class='ocrx_word' id='word_1_303' title='bbox 471 3252 504 3306; x_wconf 76' lang='grc' dir='ltr'><strong><em>δέ</em></strong></span> <span class='ocrx_word' id='word_1_304' title='bbox 527 3253 626 3306; x_wconf 85' lang='lat' dir='ltr'>Theon</span> <span class='ocrx_word' id='word_1_305' title='bbox 649 3251 783 3337; x_wconf 54' lang='lat' dir='ltr'>(Bvaeq).</span> <span class='ocrx_word' id='word_1_306' title='bbox 874 3246 923 3320; x_wconf 77' lang='grc' dir='ltr'><strong><em>ἐκ]</em></strong></span> <span class='ocrx_word' id='word_1_307' title='bbox 943 3244 1000 3302; x_wconf 77' lang='grc' dir='ltr'><strong><em>ἀπό</em></strong></span> <span class='ocrx_word' id='word_1_308' title='bbox 1020 3248 1122 3304; x_wconf 84' lang='lat' dir='ltr'>Theon</span> 
     </span>
     <span class='ocr_line' id='line_1_31' title="bbox 105 3316 1121 3393; baseline 0.001 -20"><span class='ocrx_word' id='word_1_309' title='bbox 105 3321 239 3390; x_wconf 57' lang='lat' dir='ltr'><strong>(Bvoeq).</strong></span> <span class='ocrx_word' id='word_1_310' title='bbox 313 3327 353 3375; x_wconf 91' lang='lat'><strong><em>10.</em></strong></span> <span class='ocrx_word' id='word_1_311' title='bbox 380 3318 471 3393; x_wconf 78' lang='grc' dir='ltr'><strong>ἔστιν]</strong></span> <span class='ocrx_word' id='word_1_312' title='bbox 497 3324 560 3376; x_wconf 78' lang='lat' dir='ltr'><strong>add.</strong></span> <span class='ocrx_word' id='word_1_313' title='bbox 584 3322 692 3376; x_wconf 84' lang='lat' dir='ltr'><strong>Theon:</strong></span> <span class='ocrx_word' id='word_1_314' title='bbox 717 3338 786 3375; x_wconf 83' lang='grc' dir='ltr'><strong>ωστε</strong></span> <span class='ocrx_word' id='word_1_315' title='bbox 811 3316 826 3374; x_wconf 87' lang='grc' dir='ltr'>ὁ</span> <span class='ocrx_word' id='word_1_316' title='bbox 851 3317 882 3374; x_wconf 71' lang='grc' dir='ltr'><strong><em>ἐκ</em></strong></span> <span class='ocrx_word' id='word_1_317' title='bbox 900 3321 956 3373; x_wconf 82' lang='grc' dir='ltr'><strong><em>τῶν</em></strong></span> <span class='ocrx_word' id='word_1_318' title='bbox 976 3324 1041 3385; x_wconf 80' lang='grc' dir='ltr'><strong><em>ΖΔ,</em></strong></span> <span class='ocrx_word' id='word_1_319' title='bbox 1063 3324 1121 3374; x_wconf 81' lang='grc' dir='ltr'><em>ΔΕ</em></span> 
     </span>
     <span class='ocr_line' id='line_1_32' title="bbox 103 3387 1120 3459; baseline 0 -15"><span class='ocrx_word' id='word_1_320' title='bbox 103 3391 152 3445; x_wconf 81' lang='grc' dir='ltr'><strong><em>καλ</em></strong></span> <span class='ocrx_word' id='word_1_321' title='bbox 180 3390 249 3458; x_wconf 77' lang='grc' dir='ltr'><strong><em>πρὸς</em></strong></span> <span class='ocrx_word' id='word_1_322' title='bbox 276 3388 328 3446; x_wconf 79' lang='grc' dir='ltr'><strong><em>τὸν</em></strong></span> <span class='ocrx_word' id='word_1_323' title='bbox 352 3387 409 3447; x_wconf 73' lang='grc' dir='ltr'><strong><em>ἀπὸ</em></strong></span> <span class='ocrx_word' id='word_1_324' title='bbox 434 3394 483 3447; x_wconf 77' lang='grc' dir='ltr'><strong><em>τοῦ</em></strong></span> <span class='ocrx_word' id='word_1_325' title='bbox 508 3396 559 3447; x_wconf 90' lang='grc' dir='ltr'><em>ΕΖ</em></span> <span class='ocrx_word' id='word_1_326' title='bbox 583 3389 691 3459; x_wconf 80' lang='grc' dir='ltr'><strong><em>πρῶτός</em></strong></span> <span class='ocrx_word' id='word_1_327' title='bbox 715 3388 791 3446; x_wconf 76' lang='grc' dir='ltr'><strong><em>ἔστιν</em></strong></span> <span class='ocrx_word' id='word_1_328' title='bbox 815 3390 949 3459; x_wconf 61' lang='grc' dir='ltr'><strong><em>(ΒΕφᾳ).</em></strong></span> <span class='ocrx_word' id='word_1_329' title='bbox 992 3388 1063 3444; x_wconf 77' lang='grc' dir='ltr'><em>ἄλλά</em></span> <span class='ocrx_word' id='word_1_330' title='bbox 1088 3391 1120 3444; x_wconf 92' lang='lat' dir='ltr'><strong><em>P.</em></strong></span> 
     </span>
     <span class='ocr_line' id='line_1_33' title="bbox 105 3458 1120 3532; baseline 0.002 -18"><span class='ocrx_word' id='word_1_331' title='bbox 105 3459 180 3515; x_wconf 78' lang='grc' dir='ltr'><strong><em>ἐστιν</em></strong></span> <span class='ocrx_word' id='word_1_332' title='bbox 203 3461 291 3531; x_wconf 62' lang='grc' dir='ltr'><strong>Ρνφ.</strong></span> <span class='ocrx_word' id='word_1_333' title='bbox 385 3468 427 3516; x_wconf 92' lang='lat'><strong><em>11.</em></strong></span> <span class='ocrx_word' id='word_1_334' title='bbox 452 3458 499 3532; x_wconf 73' lang='grc' dir='ltr'><strong><em>ἐκ]</em></strong></span> <span class='ocrx_word' id='word_1_335' title='bbox 523 3459 579 3517; x_wconf 83' lang='grc' dir='ltr'><strong><em>ὑπό</em></strong></span> <span class='ocrx_word' id='word_1_336' title='bbox 605 3482 622 3532; x_wconf 94' lang='lat' dir='ltr'>q</span> <span class='ocrx_word' id='word_1_337' title='bbox 646 3466 675 3518; x_wconf 75' lang='lat' dir='ltr'><strong><em>et</em></strong></span> <span class='ocrx_word' id='word_1_338' title='bbox 700 3479 784 3532; x_wconf 75' lang='lat' dir='ltr'><strong>supra</strong></span> <span class='ocrx_word' id='word_1_339' title='bbox 810 3479 861 3516; x_wconf 82' lang='lat' dir='ltr'>scr.</span> <span class='ocrx_word' id='word_1_340' title='bbox 884 3480 921 3515; x_wconf 89' lang='lat' dir='ltr'><strong><em>m.</em></strong></span> <span class='ocrx_word' id='word_1_341' title='bbox 940 3466 956 3514; x_wconf 78' lang='lat'>2</span> <span class='ocrx_word' id='word_1_342' title='bbox 975 3462 1009 3514; x_wconf 88' lang='lat' dir='ltr'><strong><em>V.</em></strong></span> <span class='ocrx_word' id='word_1_343' title='bbox 1104 3458 1120 3516; x_wconf 87' lang='lat'><em>6</em></span> 
     </span>
    </p>
   </div>
   <div class='ocr_carea' id='block_1_7' title="bbox 0 0 1178 3818">
    <p class='ocr_par' dir='ltr' id='par_1_7' title="bbox 0 0 1178 3818">
     <span class='ocr_line' id='line_1_34' title="bbox 0 0 1178 3818; baseline 0 0"><span class='ocrx_word' id='word_1_344' title='bbox 0 0 1178 3818; x_wconf 95' lang='lat' dir='ltr'><strong><em> </em></strong></span> 
     </span>
    </p>
   </div>
  </div>
 </body>
</html>
