2348 3818
347 111 622 196 mensurarum
640 145 749 196 amaa
767 147 798 198 v.
1052 143 1094 208 13

559 286 617 353 III.

144 405 179 473 si
191 409 300 494 prima
319 410 478 476 secundae
493 414 526 476 et
544 412 642 476 tertia
661 415 797 497 quartae
816 433 916 498 aeque
936 411 1092 497 multipli-

77 537 133 600 ces
152 517 235 599 sunt,
254 517 288 579 et
301 516 425 599 primae
439 517 620 603 tertiaeque
635 539 736 602 aeque
749 517 946 601 multiplices
961 539 1093 583 sumun-

80 625 142 703 tur,
159 621 260 686 etiam
275 643 315 686 ex
334 643 437 707 aequo
444 621 470 706 1)
489 622 751 709 magnitudinum
774 627 976 707 sumpturum
991 624 1093 690 altera

77 727 236 792 secundae
261 728 365 793 altera
389 732 523 814 quartae
556 751 657 814 aeque
683 729 881 814 multiplices
909 732 1003 794 erunt
1031 730 1094 796 sin·

76 832 173 918 gulae
197 833 411 918 singularum.

74 965 333 1016 Al--l—l—-l
604 941 690 1006 Nam
709 941 815 1027 prima
837 947 869 1005 A
892 940 1092 1006 secundaeB

75 1089 186 1139 3,-Ι
355 1064 366 1072 ‘
560 1051 595 1114 et
615 1049 713 1113 tertia
731 1051 763 1113 Γ
782 1050 916 1132 quartae
936 1051 969 1110 Δ
992 1066 1093 1131 aeque

310 1179 338 1228 K
529 1154 627 1230 zsint
645 1153 851 1239 multiplices,
872 1157 905 1219 et
923 1155 1094 1217 sumantur

75 1247 327 1300 Ε’-Ι
541 1260 820 1346 ¹magnitudinum
861 1267 909 1343 A,
924 1261 956 1323 Γ
993 1279 1092 1343 aeque

76 1389 255 1441 [μή-Η
558 1367 753 1451 multiplices
790 1370 868 1449 ΕΖ,
881 1369 958 1431 ΗΘ.
1012 1363 1093 1447 dicu,

562 1477 624 1537 ΕΖ
660 1472 896 1559 magnitudinis
925 1475 1007 1537 Bet
1024 1475 1093 1536 ΗΘ

232 1605 257 1654 A
561 1579 795 1662 magnitudinis
811 1585 843 1643 A
863 1600 963 1662 aeque
984 1577 1093 1642 multi-

77 1673 426 1753 ω--Ρ-ΘΘ
562 1684 664 1767 plices
687 1705 765 1748 esse.

76 1517 159 1564 Ae-r

147 1810 225 1852 nam
254 1791 407 1873 quoniam
435 1795 498 1855 ΕΖ
526 1788 762 1874 magnitudinis
785 1793 817 1852 A
832 1791 864 1853 et
877 1791 945 1853 ΗΘ
969 1789 1093 1874 magni·

78 1893 204 1959 tudinis
232 1897 265 1959 Γ
288 1917 389 1981 aeque
418 1896 614 1980 multiplices
643 1897 733 1978 sunt,
761 1896 841 1979 quot
869 1896 946 1958 sunt
973 1893 1008 1956 in
1030 1896 1093 1958 EZ

77 2000 320 2084 magnitudines
343 2002 563 2087 magnitudini
585 2009 618 2067 A
641 2002 805 2086 aequales,
832 1999 971 2066 totidem
994 2000 1094 2065 etiam

80 2106 117 2170 in
139 2110 207 2172 ΗΘ
230 2112 307 2173 sunt
336 2109 554 2194 magnitudini
581 2112 614 2173 Γ
638 2110 799 2194 aequales.
842 2107 1007 2174 diuidatur
1034 2111 1092 2174 ΕΖ

79 2214 114 2277 in
137 2215 379 2299 magnitudines
407 2210 624 2301 magnitudini
647 2221 679 2279 A
698 2215 849 2299 aequales
869 2216 950 2295 ΕΚ,
964 2216 1041 2295 ΚΖ,
1061 2217 1094 2278 et

79 2323 149 2385 ΗΘ
180 2320 214 2384 in
245 2321 488 2406 magnitudines
520 2320 740 2406 magnitudini
771 2323 803 2385 Γ
832 2320 982 2404 aequales
1009 2323 1092 2401 HA,

80 2429 155 2491 ΛΘ.
201 2427 263 2491 erit
299 2428 400 2511 igitur
435 2449 589 2492 numerus
626 2427 885 2513 magnitudinum
922 2429 1005 2507 ΕΚ,
1025 2429 1093 2491 ΚΖ

81 2554 216 2598 numero
230 2532 491 2618 magnitudinum
508 2536 595 2616 HA,
611 2537 676 2597 ΛΘ
696 2533 849 2617 aequalis.
886 2535 918 2597 et
937 2532 1092 2615 quoniam

80 2646 113 2704 A
135 2638 372 2725 magnitudinis
395 2642 473 2704 Bet
486 2641 519 2703 Γ
538 2639 772 2724 magnitudinis
796 2646 829 2703 A
853 2660 953 2722 aeque
984 2637 1092 2702 multi-

80 2746 181 2830 plices
202 2748 286 2827 sunt,
305 2748 338 2808 et
355 2747 425 2808 ΕΚ
439 2775 481 2798 =
496 2751 544 2828 A,
563 2748 636 2810 HA
650 2776 692 2799 =
707 2748 750 2827 Γ,
770 2748 865 2810 erunt
883 2749 949 2810 ΕΚ
968 2745 1093 2830 magni·

79 2851 204 2915 tudinis
232 2854 313 2915 Bet
331 2854 402 2914 HA
435 2851 668 2935 magnitudinis
697 2857 730 2916 A
758 2873 858 2938 aeque
886 2851 1095 2935 multiplices.

81 2957 193 3029 eadem
224 2958 262 3022 de
295 2979 393 3022 eausa
420 2960 488 3021 KZ
515 2958 750 3042 magnitudinis
779 2961 856 3023 Bet
870 2962 935 3022 Ae
967 2958 1093 3042 magni·

80 3065 205 3129 tudinis
229 3069 263 3128 A
286 3085 386 3148 aeque
413 3063 609 3147 multiplices
640 3067 725 3129 sunt.
760 3065 827 3129 iam
849 3065 1003 3148 quoniam
1028 3064 1093 3147 pri·

79 3191 135 3234 ma
162 3174 231 3234 ΕΚ
258 3170 414 3235 secundae
443 3173 471 3233 Β
501 3174 533 3234 et
561 3170 660 3234 tertia
683 3174 753 3239 HA
778 3174 912 3255 quartae
936 3175 969 3234 A
993 3190 1093 3252 aeque

149 3380 252 3506 'lqttilric
264 3397 321 3435 non
339 3380 451 3450 proprie
466 3379 503 3434 ad
516 3379 710 3436 definitionem
726 3377 881 3435 raticnia
899 3373 936 3434 td
963 3380 1030 3432 rese
1042 3377 1103 3444 &w

81 3466 185 3519 resprer
232 3493 238 3506 .
1025 3514 1030 3519 .
1069 3490 1103 3597 ῃ
