2348 3818
89 127 134 192 50
472 130 674 184 mmmm<
692 128 729 185 ι’.

88 270 201 357 πάλιν,
225 268 295 338 ἐπεὶ
319 269 428 350 ἰσάκις
450 271 518 338 ἐστὶ
541 279 791 341 πολλαπλασίον
814 271 851 341 ιὸ
875 278 944 340 ΘΚ
959 276 1021 343 τοῦ
1042 281 1109 343 ΕΒ

88 376 144 444 καί
176 375 214 444 τὸ
244 383 327 445 ΜΝ
349 380 410 446 τοῦ
439 385 521 463 ΖΔ,
554 383 623 446 έσιι
655 379 692 448 δὲ
718 381 774 447 καί
797 380 834 448 τὸ
864 381 932 456 ΚΞ
955 384 1017 448 τοῦ
1042 388 1110 450 ΕΒ

90 482 198 563 ἰσάκις
225 483 476 552 πολλαπλάσιον
503 484 559 552 καί
586 482 625 553 πὸ
648 492 688 553 Ν
688 494 727 553 Π
745 490 806 554 τοῦ
831 494 916 573 ΖΔ,
944 486 1000 554 καὶ
1026 506 1110 556 σνν-

88 590 188 658 πεθὲν
215 589 252 658 τὸ
275 591 339 666 ΘΞ
363 595 425 659 τοῦ
447 597 511 658 ΕΒ
540 590 648 671 ἰσάκις
675 593 745 660 ἐστὶ
774 591 1025 661 πολλαπλάσιον
1049 594 1110 662 καὶ

53 695 125 766 διὸ
149 704 233 764 ΜΠ
251 700 312 765 τοῦ
336 705 411 766 ΖΔ.
448 697 516 765 Καὶ
540 699 613 765 ἐπεί
633 699 723 766 ἐστιν
746 695 851 778 ὑςπὸ
871 705 937 767 ΑΒ
958 697 1045 787 πρὸς
1067 698 1110 769 τὸ

88 811 162 889 ΒΕ,
187 802 292 885 οὕτως
314 801 352 872 τὸ
367 809 430 871 ΓΛ
451 803 535 891 πρὸς
557 801 596 872 τὸ
612 811 689 889 ΛΖ,
711 805 767 871 καὶ
786 812 936 891 εἴληπται
954 808 1021 873 τάν
1043 806 1110 892 μέν

87 919 169 997 ΑΒ,
193 917 255 979 ΓΛ
283 909 392 990 ἰσάκις
418 909 648 988 πολλαπλάσια
676 910 715 979 τά
740 919 828 997 ΗΚ,
852 918 938 998 ΛΝ,
968 915 1038 980 τάν
1067 913 1110 981 δὲ

87 1025 166 1104 ΕΒ,
191 1025 258 1085 ΖΔ
288 1017 397 1097 ἰσάκις
424 1018 656 1086 πολλαπλάσια
683 1017 723 1085 τὰ
751 1021 828 1103 ΘΞ,
852 1025 945 1103 ΜΠ,
978 1022 1009 1086 εἰ
1037 1017 1109 1108 ἄρα

87 1123 239 1214 ὑπερέχει
266 1123 304 1191 τὸ
328 1129 403 1190 HK
428 1126 490 1191 τοῦ
511 1126 589 1210 ΘΞ,
617 1120 768 1213 ὑπερέχει
795 1124 852 1192 καί
878 1122 916 1192 τὸ
941 1130 1018 1191 ΛΝ
1041 1129 1107 1194 τοῦ

35 1242 68 1291 10
86 1239 177 1317 ΜΠ,
200 1230 256 1298 καλ
275 1234 306 1297 εἰ
324 1238 410 1316 ἴσον,
435 1236 521 1315 ἰσον,
543 1229 600 1297 καὶ
619 1233 650 1296 εἰ
663 1235 809 1315 ἔλαττον,
828 1235 973 1301 ἔλαττον.
1003 1227 1106 1320 ὑπερ·

87 1339 185 1424 εχέιω
214 1335 256 1422 δὴ
285 1333 323 1404 τὸ
346 1342 386 1425 Η
387 1343 422 1403 Κ
447 1338 507 1403 τοῦ
530 1337 604 1419 ΘΞ,
631 1336 687 1402 καί
714 1339 833 1404 κοινοῦ
857 1333 1108 1425 ἀφαιρεθέντος

85 1447 147 1511 τοῦ
180 1449 249 1509 ΘΚ
277 1439 428 1531 ὑπερέχει
459 1440 526 1531 άρα
554 1443 611 1510 καί
643 1440 680 1510 τὸ
709 1449 778 1510 ΗΘ
807 1445 868 1511 τοῦ
895 1445 968 1519 ΚΞ.
1014 1440 1106 1511 άλλοι

86 1553 117 1616 εἰ
139 1545 289 1636 ὑπερεῖχε
311 1547 349 1618 τὸ
368 1556 442 1617 ΗΚ
463 1552 524 1618 τοὺ
544 1551 615 1634 ΘΞ,
638 1546 790 1638 ὑπερεῖχε
812 1549 869 1616 καί
890 1547 929 1616 τὸ
945 1556 1017 1618 AN
1041 1554 1108 1620 τοῦ

87 1663 187 1725 ΜΠ··
209 1652 361 1744 ὑπερέχει
383 1651 449 1744 άρα
471 1654 527 1722 καί
550 1652 588 1723 τὸ
612 1661 689 1724 ΛΝ
706 1659 767 1723 τοῦ
788 1662 878 1741 ΜΠ,
901 1655 957 1722 καὶ
979 1659 1108 1725 κοινοῦ

33 1771 65 1820 15
84 1760 328 1850 ἀφαιρεθέντος
349 1771 410 1829 ποῦ
429 1768 514 1829 ΜΝ
531 1759 681 1848 ὑπερέχει
704 1761 761 1828 καὶ
783 1760 821 1830 τὸ
841 1768 918 1829 AM
934 1772 996 1830 τοῦ
1010 1769 1052 1829 Ν
1052 1771 1093 1832 Π
1095 1786 1105 1802 ·

85 1867 169 1938 ὥστε
192 1873 223 1937 εἰ
240 1865 391 1955 ὑπερέχει
408 1866 447 1936 τὸ
466 1875 535 1935 ΗΘ
553 1872 615 1936 τοῦ
629 1869 705 1954 ΚΞ,
729 1865 880 1956 ὑπερέχει
898 1869 954 1936 καὶ
971 1867 1009 1936 τὸ
1024 1876 1110 1938 ΛΜ

84 1980 144 2043 τοῦ
164 1982 202 2042 Ν
204 1982 247 2042 Π.
279 1971 402 2060 ὁμοίως
426 1972 468 2060 δὴ
493 1975 656 2059 δείξομεν,
680 1971 732 2041 ὅτι
750 1970 815 2042 κάν
835 1982 909 2042 ἰσον
928 1967 951 2063 ᾖ
970 1973 1008 2043 τὸ
1030 1982 1104 2045 ΗΘ

84 2085 129 2174 τῷ
148 2083 223 2166 ΚΞ,
248 2087 322 2147 ἰσον
346 2085 437 2149 ἔσται
459 2081 515 2148 καί
538 2077 576 2147 πὸ
596 2086 677 2145 ΛΜ
693 2084 739 2173 τῷ
754 2087 793 2148 Ν
794 2088 839 2167 Π,
861 2077 927 2148 κάν
950 2079 1104 2168 έλαιτον,

84 2191 230 2255 ἔλαττον.
274 2188 334 2253 καί
364 2187 432 2255 έσιι
460 2183 499 2252 πά
528 2186 591 2272 μέν
618 2192 703 2271 ΗΘ,
731 2193 813 2254 AM
834 2189 902 2256 τῶν
930 2195 1012 2274 ΑΕ,
1036 2194 1103 2256 ΓΖ

31 2302 66 2352 20
86 2291 194 2372 ἰσάκις
220 2292 466 2378 πολλαπλάσια,
494 2285 535 2358 τά
564 2292 602 2360 δὲ
630 2295 710 2380 ΚΞ,
734 2299 814 2360 ΝΠ
836 2296 905 2361 τῶν
929 2300 1102 2380 ΕΒ,·ΖΔ

83 2397 179 2485 άλλα,
203 2395 223 2466 ά
248 2403 374 2485 ἔινχεν,
398 2397 507 2478 ἰσάκις
524 2398 768 2466 πολλαπλάσια·
801 2403 892 2466 ἔστιν
911 2397 976 2487 άρα
995 2395 1041 2479 ὥς
1061 2398 1101 2468 τὸ

83 2511 152 2574 ΑΕ
172 2505 255 2593 πρὸς
276 2504 315 2573 τὸ
338 2512 413 2589 ΕΒ,
437 2501 544 2584 οὕτως
565 2503 603 2573 τὸ
628 2510 689 2572 ΓΖ
712 2503 796 2593 πρὸς
818 2503 856 2573 τὸ
881 2512 957 2573 ZA.

147 2609 225 2680 Ἐὰν
244 2609 310 2699 άρα
329 2615 528 2697 συγκείμενα
546 2611 672 2698 μεγέθη
692 2608 862 2698 άνάλοχον
880 2603 914 2700 ᾖ,
936 2611 992 2678 καὶ
1012 2615 1102 2680 θιαι-
1159 2650 1162 2656 -

82 2720 225 2808 ρεθέννα
248 2714 418 2802 άνάλοχον
442 2720 545 2784 ἔσται·
577 2715 657 2805 ὅπερ
682 2722 750 2785 ἔδει
774 2720 887 2799 δεῖξαι.

153 2903 176 2950 1.
197 2890 273 2950 έστίν
290 2893 351 2949 FV.
424 2899 449 2949 3.
469 2895 533 2965 ΖΔ]
554 2899 602 2948 ΖΒ
624 2894 653 2949 Ε.
726 2901 751 2949 4.
771 2893 816 2966 τό]
836 2889 892 2964 άρα
910 2888 1019 2963 τόΒμχ
1039 2890 1101 2963 ἄρα

80 2968 143 3023 add.
163 2985 200 3022 m.
220 2972 235 3020 2
254 2964 285 3018 Ε.
359 2969 382 3019 6,
403 2965 467 3036 ΔΖ]
487 2969 540 3019 ΖΔ
558 2964 645 3054 ΒΚρ.
719 2971 744 3020 λ.
763 2967 835 3037 ΛΝ]
855 2982 870 3020 e
889 2981 958 3021 corr.
977 2964 1100 3022 ΜΕ.

116 3044 140 3092 8.
163 3039 226 3105 ΖΔ]
246 3041 272 3088 A
279 3037 299 3088 Z
317 3035 347 3090 P.
393 3036 455 3107 Seq.
481 3036 513 3090 in
533 3037 593 3106 Bp:
614 3028 722 3091 αλλαά
744 3033 855 3106 ἔπνχενς
874 3035 951 3090 idem
968 3034 994 3089 V
1013 3053 1051 3091 m.
1073 3044 1101 3106 2,

80 3111 109 3165 et
131 3107 153 3161 F
176 3107 205 3161 in
223 3124 277 3161 ras.
300 3125 337 3160 m.
362 3112 378 3161 2
402 3109 459 3176 (om
482 3101 526 3175 ά),
546 3107 596 3162 sed
615 3108 717 3162 omisso
738 3104 830 3170 ἰσάκις
849 3106 915 3175 (fuit
932 3106 963 3160 in
981 3124 1037 3195 ¹¹¹ss-
1059 3124 1099 3164 m.

80 3186 105 3250 2,
120 3180 169 3235 sed
184 3180 283 3247 enam).
358 3184 398 3234 10.
419 3177 545 3248 ἔλασσον,
561 3175 719 3269 ἔλασσονρ.
795 3185 836 3232 12.
855 3173 938 3249 άλλά]
952 3173 1004 3232 άλλ
1033 3178 1100 3235 FV.

116 3256 157 3305 13.
178 3244 322 3340 ὑπερεῖχε]
342 3249 433 3319 Pvp;
459 3245 609 3320 ὑπερεῖχεν
627 3252 663 3317 B3
683 3247 817 3326 νπερέχει
836 3266 851 3304 e
870 3265 939 3305 corr.
959 3248 989 3304 Ε.
1015 3301 1017 3305 ,
1064 3246 1098 3304 τὸ

80 3325 142 3376 ΗΚ
158 3322 208 3375 τοῦ
230 3322 287 3380 ΘΞ
307 3321 453 3393 ὑπερεῖχε]
474 3338 529 3390 mg.
549 3337 586 3376 m.
602 3327 616 3375 1
632 3322 662 3378 Ρ.
735 3321 880 3391 ὑπερεῖχε]
896 3338 928 3389 p3
943 3315 1099 3390 ὑπερεῖχεν

77 3391 143 3461 ΡΒ;
167 3389 300 3462 ὑπερέχει
318 3392 380 3448 FV.
440 3393 511 3463 AN]
530 3395 589 3445 AH
604 3392 635 3446 in
653 3408 756 3447 raam.
773 3398 785 3445 1
802 3410 829 3461 p.
891 3396 932 3446 16.
947 3385 1098 3462 ὑπερέχει]

77 3461 151 3533 -έχει
172 3463 202 3519 in
224 3480 277 3519 ras.
302 3464 332 3519 P.
420 3463 494 3533 ΚΞ]
522 3462 552 3516 in
579 3480 633 3519 ras.
662 3464 695 3518 V.
785 3467 826 3518 18.
855 3460 949 3533 ἔσται]
980 3478 1035 3518 om.
1065 3462 1098 3520 Ε.
