<?xml version="1.0" encoding="UTF-8"?>
<!DOCTYPE html PUBLIC "-//W3C//DTD XHTML 1.0 Transitional//EN"
    "http://www.w3.org/TR/xhtml1/DTD/xhtml1-transitional.dtd">
<html xmlns="http://www.w3.org/1999/xhtml" xml:lang="en" lang="en">
 <head>
  <title>
</title>
<meta http-equiv="Content-Type" content="text/html;charset=utf-8" />
  <meta name='ocr-system' content='tesseract 3.04.00' />
  <meta name='ocr-capabilities' content='ocr_page ocr_carea ocr_par ocr_line ocrx_word'/>
</head>
<body>
  <div class='ocr_page' id='page_1' title='image "./euclidisoperaom15unkngoog_0303.png"; bbox 0 0 2348 3818; ppageno 0'>
   <div class='ocr_carea' id='block_1_1' title="bbox 90 119 735 190">
    <p class='ocr_par' dir='ltr' id='par_1_1' title="bbox 90 119 735 190">
     <span class='ocr_line' id='line_1_1' title="bbox 90 119 735 190; baseline -0.014 -2"><span class='ocrx_word' id='word_1_1' title='bbox 90 123 156 188; x_wconf 79' lang='lat'><strong><em>280</em></strong></span> <span class='ocrx_word' id='word_1_2' title='bbox 474 125 677 177; x_wconf 65' lang='lat' dir='ltr'><strong><em>mommsen</em></strong></span> <span class='ocrx_word' id='word_1_3' title='bbox 695 119 735 190; x_wconf 77' lang='grc' dir='ltr'><strong><em>η’.</em></strong></span> 
     </span>
    </p>
   </div>
   <div class='ocr_carea' id='block_1_2' title="bbox 35 262 1112 1942">
    <p class='ocr_par' dir='ltr' id='par_1_2' title="bbox 35 262 1112 1942">
     <span class='ocr_line' id='line_1_2' title="bbox 89 262 1108 353; baseline 0.001 -20"><span class='ocrx_word' id='word_1_4' title='bbox 89 278 215 353; x_wconf 78' lang='grc' dir='ltr'><em>μετρεῖ,</em></span> <span class='ocrx_word' id='word_1_5' title='bbox 243 264 441 344; x_wconf 76' lang='grc' dir='ltr'><strong><em>τοσαυτάκις</em></strong></span> <span class='ocrx_word' id='word_1_6' title='bbox 467 265 523 332; x_wconf 85' lang='grc' dir='ltr'><strong><em>καὶ</em></strong></span> <span class='ocrx_word' id='word_1_7' title='bbox 552 262 570 332; x_wconf 98' lang='lat'><em>6</em></span> <span class='ocrx_word' id='word_1_8' title='bbox 598 273 631 332; x_wconf 88' lang='lat' dir='ltr'><em>A</em></span> <span class='ocrx_word' id='word_1_9' title='bbox 657 263 718 333; x_wconf 88' lang='grc' dir='ltr'><strong><em>τὸυ</em></strong></span> <span class='ocrx_word' id='word_1_10' title='bbox 742 273 771 333; x_wconf 99' lang='grc' dir='ltr'>Θ</span> <span class='ocrx_word' id='word_1_11' title='bbox 792 271 966 353; x_wconf 79' lang='grc' dir='ltr'><strong><em>μετρείτω,</em></strong></span> <span class='ocrx_word' id='word_1_12' title='bbox 990 263 1108 346; x_wconf 86' lang='grc' dir='ltr'><em>ὁσάκις</em></span> 
     </span>
     <span class='ocr_line' id='line_1_3' title="bbox 91 369 1108 459; baseline 0.003 -21"><span class='ocrx_word' id='word_1_13' title='bbox 91 372 128 440; x_wconf 74' lang='grc' dir='ltr'><strong><em>δὲ</em></strong></span> <span class='ocrx_word' id='word_1_14' title='bbox 158 370 177 439; x_wconf 93' lang='lat'><em>6</em></span> <span class='ocrx_word' id='word_1_15' title='bbox 206 378 238 440; x_wconf 90' lang='grc' dir='ltr'><strong><em>Γ</em></strong></span> <span class='ocrx_word' id='word_1_16' title='bbox 260 371 321 439; x_wconf 87' lang='grc' dir='ltr'><strong><em>τὸυ</em></strong></span> <span class='ocrx_word' id='word_1_17' title='bbox 351 377 391 438; x_wconf 91' lang='grc' dir='ltr'><em>Η</em></span> <span class='ocrx_word' id='word_1_18' title='bbox 413 384 539 459; x_wconf 80' lang='grc' dir='ltr'><strong><em>μετρεῖ,</em></strong></span> <span class='ocrx_word' id='word_1_19' title='bbox 571 370 770 450; x_wconf 80' lang='grc' dir='ltr'><strong><em>τοσαυτάκις</em></strong></span> <span class='ocrx_word' id='word_1_20' title='bbox 796 371 852 439; x_wconf 82' lang='grc' dir='ltr'><strong><em>καὶ</em></strong></span> <span class='ocrx_word' id='word_1_21' title='bbox 881 369 899 439; x_wconf 94' lang='lat'><em>6</em></span> <span class='ocrx_word' id='word_1_22' title='bbox 931 381 967 439; x_wconf 98' lang='lat' dir='ltr'><em>A</em></span> <span class='ocrx_word' id='word_1_23' title='bbox 988 372 1050 441; x_wconf 87' lang='grc' dir='ltr'><strong><em>τὸν</em></strong></span> <span class='ocrx_word' id='word_1_24' title='bbox 1073 380 1108 440; x_wconf 93' lang='grc' dir='ltr'><strong><em>Κ</em></strong></span> 
     </span>
     <span class='ocr_line' id='line_1_4' title="bbox 89 474 1107 565; baseline 0.001 -20"><span class='ocrx_word' id='word_1_25' title='bbox 89 483 257 563; x_wconf 82' lang='grc' dir='ltr'><strong><em>μετρείτω.</em></strong></span> <span class='ocrx_word' id='word_1_26' title='bbox 307 475 325 545; x_wconf 95' lang='lat'><em>6</em></span> <span class='ocrx_word' id='word_1_27' title='bbox 354 477 392 545; x_wconf 72' lang='grc' dir='ltr'><strong><em>δὲ</em></strong></span> <span class='ocrx_word' id='word_1_28' title='bbox 421 485 453 544; x_wconf 86' lang='grc' dir='ltr'><strong>Ε</strong></span> <span class='ocrx_word' id='word_1_29' title='bbox 477 475 538 545; x_wconf 88' lang='grc' dir='ltr'><strong><em>τὸν</em></strong></span> <span class='ocrx_word' id='word_1_30' title='bbox 567 483 600 544; x_wconf 88' lang='grc' dir='ltr'><em>Κ</em></span> <span class='ocrx_word' id='word_1_31' title='bbox 626 475 701 562; x_wconf 77' lang='grc' dir='ltr'><strong><em>ἤτοι</em></strong></span> <span class='ocrx_word' id='word_1_32' title='bbox 733 491 847 564; x_wconf 84' lang='grc' dir='ltr'><strong><em>μετρεῖ</em></strong></span> <span class='ocrx_word' id='word_1_33' title='bbox 871 474 893 563; x_wconf 83' lang='grc' dir='ltr'><strong><em>ι]</em></strong></span> <span class='ocrx_word' id='word_1_34' title='bbox 918 475 961 545; x_wconf 81' lang='grc' dir='ltr'><strong><em>οὐ</em></strong></span> <span class='ocrx_word' id='word_1_35' title='bbox 984 491 1107 565; x_wconf 86' lang='grc' dir='ltr'><strong><em>μετρεῖ.</em></strong></span> 
     </span>
     <span class='ocr_line' id='line_1_5' title="bbox 89 579 1108 672; baseline 0.002 -22"><span class='ocrx_word' id='word_1_36' title='bbox 89 589 246 671; x_wconf 85' lang='grc' dir='ltr'><strong><em>μετρείτω</em></strong></span> <span class='ocrx_word' id='word_1_37' title='bbox 274 582 448 670; x_wconf 82' lang='grc' dir='ltr'><strong><em>πρότερον.</em></strong></span> <span class='ocrx_word' id='word_1_38' title='bbox 493 583 549 650; x_wconf 83' lang='grc' dir='ltr'><strong><em>καὶ</em></strong></span> <span class='ocrx_word' id='word_1_39' title='bbox 576 580 693 662; x_wconf 80' lang='grc' dir='ltr'><em>ὁσάκις</em></span> <span class='ocrx_word' id='word_1_40' title='bbox 716 579 740 656; x_wconf 83' lang='lat'><strong><em>¹6</em></strong></span> <span class='ocrx_word' id='word_1_41' title='bbox 769 591 801 650; x_wconf 84' lang='lat' dir='ltr'><em>E</em></span> <span class='ocrx_word' id='word_1_42' title='bbox 829 583 891 651; x_wconf 86' lang='grc' dir='ltr'><strong><em>τὸυ</em></strong></span> <span class='ocrx_word' id='word_1_43' title='bbox 918 591 954 652; x_wconf 87' lang='grc' dir='ltr'><strong><em>Κ</em></strong></span> <span class='ocrx_word' id='word_1_44' title='bbox 981 598 1108 672; x_wconf 77' lang='grc' dir='ltr'><strong><em>μετρεῖ,</em></strong></span> 
     </span>
     <span class='ocr_line' id='line_1_6' title="bbox 54 687 1106 775; baseline 0.002 -19"><span class='ocrx_word' id='word_1_45' title='bbox 54 690 286 770; x_wconf 82' lang='grc' dir='ltr'><strong><em>στοσαυτάκις</em></strong></span> <span class='ocrx_word' id='word_1_46' title='bbox 312 689 368 758; x_wconf 84' lang='grc' dir='ltr'><strong><em>καὶ</em></strong></span> <span class='ocrx_word' id='word_1_47' title='bbox 396 687 415 757; x_wconf 93' lang='lat'><em>6</em></span> <span class='ocrx_word' id='word_1_48' title='bbox 445 697 473 756; x_wconf 92' lang='grc' dir='ltr'>Ζ</span> <span class='ocrx_word' id='word_1_49' title='bbox 503 687 564 757; x_wconf 85' lang='grc' dir='ltr'><strong><em>τὸυ</em></strong></span> <span class='ocrx_word' id='word_1_50' title='bbox 588 696 619 756; x_wconf 90' lang='grc' dir='ltr'><em>Λ</em></span> <span class='ocrx_word' id='word_1_51' title='bbox 647 695 814 775; x_wconf 87' lang='grc' dir='ltr'><strong><em>μετρείτω.</em></strong></span> <span class='ocrx_word' id='word_1_52' title='bbox 859 690 914 757; x_wconf 81' lang='grc' dir='ltr'><strong><em>καὶ</em></strong></span> <span class='ocrx_word' id='word_1_53' title='bbox 939 691 1010 758; x_wconf 74' lang='grc' dir='ltr'><strong><em>ἐπεὶ</em></strong></span> <span class='ocrx_word' id='word_1_54' title='bbox 1036 690 1106 758; x_wconf 76' lang='grc' dir='ltr'><em>ἰσά-</em></span> 
     </span>
     <span class='ocr_line' id='line_1_7' title="bbox 88 793 1108 884; baseline 0.001 -21"><span class='ocrx_word' id='word_1_55' title='bbox 88 823 139 876; x_wconf 85' lang='grc' dir='ltr'><strong><em>κις</em></strong></span> <span class='ocrx_word' id='word_1_56' title='bbox 171 793 190 863; x_wconf 94' lang='lat'><em>6</em></span> <span class='ocrx_word' id='word_1_57' title='bbox 218 804 251 863; x_wconf 90' lang='lat' dir='ltr'><em>A</em></span> <span class='ocrx_word' id='word_1_58' title='bbox 277 794 338 864; x_wconf 84' lang='grc' dir='ltr'><strong><em>τὸυ</em></strong></span> <span class='ocrx_word' id='word_1_59' title='bbox 366 803 395 862; x_wconf 94' lang='grc' dir='ltr'>Θ</span> <span class='ocrx_word' id='word_1_60' title='bbox 426 808 540 883; x_wconf 85' lang='grc' dir='ltr'><strong><em>μετρεῖ</em></strong></span> <span class='ocrx_word' id='word_1_61' title='bbox 564 795 621 862; x_wconf 84' lang='grc' dir='ltr'><strong><em>καὶ</em></strong></span> <span class='ocrx_word' id='word_1_62' title='bbox 649 793 667 862; x_wconf 96' lang='lat'><em>6</em></span> <span class='ocrx_word' id='word_1_63' title='bbox 695 802 724 861; x_wconf 92' lang='grc' dir='ltr'><strong>Β</strong></span> <span class='ocrx_word' id='word_1_64' title='bbox 751 794 811 864; x_wconf 88' lang='grc' dir='ltr'><strong><em>τὸν</em></strong></span> <span class='ocrx_word' id='word_1_65' title='bbox 838 805 885 881; x_wconf 90' lang='grc' dir='ltr'><strong><em>Η,</em></strong></span> <span class='ocrx_word' id='word_1_66' title='bbox 918 801 1010 864; x_wconf 83' lang='grc' dir='ltr'><strong><em>ἔστιν</em></strong></span> <span class='ocrx_word' id='word_1_67' title='bbox 1038 797 1108 884; x_wconf 84' lang='grc' dir='ltr'><strong><em>άριι</em></strong></span> 
     </span>
     <span class='ocr_line' id='line_1_8' title="bbox 89 898 1106 989; baseline 0.002 -20"><span class='ocrx_word' id='word_1_68' title='bbox 89 898 134 981; x_wconf 77' lang='grc' dir='ltr'><strong><em>ὡς</em></strong></span> <span class='ocrx_word' id='word_1_69' title='bbox 162 898 180 968; x_wconf 96' lang='lat'><em>6</em></span> <span class='ocrx_word' id='word_1_70' title='bbox 208 908 241 967; x_wconf 93' lang='lat' dir='ltr'><em>A</em></span> <span class='ocrx_word' id='word_1_71' title='bbox 268 900 359 989; x_wconf 82' lang='grc' dir='ltr'><strong><em>πρὸς·</em></strong></span> <span class='ocrx_word' id='word_1_72' title='bbox 375 899 440 968; x_wconf 77' lang='grc' dir='ltr'><strong><em>’τὸυ</em></strong></span> <span class='ocrx_word' id='word_1_73' title='bbox 464 908 508 986; x_wconf 94' lang='grc' dir='ltr'><strong><em>Β,</em></strong></span> <span class='ocrx_word' id='word_1_74' title='bbox 536 901 644 980; x_wconf 79' lang='grc' dir='ltr'><strong><em>οὕτως</em></strong></span> <span class='ocrx_word' id='word_1_75' title='bbox 672 898 690 968; x_wconf 95' lang='lat'><em>6</em></span> <span class='ocrx_word' id='word_1_76' title='bbox 714 908 744 968; x_wconf 94' lang='grc' dir='ltr'>Θ</span> <span class='ocrx_word' id='word_1_77' title='bbox 766 899 850 989; x_wconf 81' lang='grc' dir='ltr'><strong><em>πρὸς</em></strong></span> <span class='ocrx_word' id='word_1_78' title='bbox 871 901 932 969; x_wconf 90' lang='grc' dir='ltr'><strong><em>τὸυ</em></strong></span> <span class='ocrx_word' id='word_1_79' title='bbox 955 909 999 970; x_wconf 92' lang='grc' dir='ltr'><strong><em>Η.</em></strong></span> <span class='ocrx_word' id='word_1_80' title='bbox 1045 901 1106 971; x_wconf 78' lang='grc' dir='ltr'><strong><em>διά</em></strong></span> 
     </span>
     <span class='ocr_line' id='line_1_9' title="bbox 88 1005 1109 1094; baseline 0.002 -20"><span class='ocrx_word' id='word_1_81' title='bbox 88 1006 129 1074; x_wconf 84' lang='grc' dir='ltr'><strong><em>τά</em></strong></span> <span class='ocrx_word' id='word_1_82' title='bbox 162 1005 247 1074; x_wconf 83' lang='grc' dir='ltr'><strong><em>αὐτὰ</em></strong></span> <span class='ocrx_word' id='word_1_83' title='bbox 278 1006 320 1093; x_wconf 79' lang='grc' dir='ltr'><strong><em>δὴ</em></strong></span> <span class='ocrx_word' id='word_1_84' title='bbox 348 1007 404 1074; x_wconf 82' lang='grc' dir='ltr'><strong><em>καὶ</em></strong></span> <span class='ocrx_word' id='word_1_85' title='bbox 433 1005 477 1086; x_wconf 76' lang='grc' dir='ltr'><strong><em>ὡς</em></strong></span> <span class='ocrx_word' id='word_1_86' title='bbox 505 1005 523 1074; x_wconf 94' lang='lat'><em>6</em></span> <span class='ocrx_word' id='word_1_87' title='bbox 552 1013 585 1075; x_wconf 94' lang='grc' dir='ltr'>Γ</span> <span class='ocrx_word' id='word_1_88' title='bbox 606 1005 691 1094; x_wconf 82' lang='grc' dir='ltr'><strong><em>πρὸς</em></strong></span> <span class='ocrx_word' id='word_1_89' title='bbox 716 1005 778 1076; x_wconf 83' lang='grc' dir='ltr'><strong><em>τὸν</em></strong></span> <span class='ocrx_word' id='word_1_90' title='bbox 807 1015 856 1092; x_wconf 89' lang='lat' dir='ltr'><strong><em>A,</em></strong></span> <span class='ocrx_word' id='word_1_91' title='bbox 884 1006 991 1088; x_wconf 80' lang='grc' dir='ltr'><strong><em>οὕτως</em></strong></span> <span class='ocrx_word' id='word_1_92' title='bbox 1020 1006 1038 1076; x_wconf 92' lang='lat'><em>6</em></span> <span class='ocrx_word' id='word_1_93' title='bbox 1070 1017 1109 1076; x_wconf 90' lang='lat' dir='ltr'><em>H</em></span> 
     </span>
     <span class='ocr_line' id='line_1_10' title="bbox 88 1110 1108 1201; baseline 0.003 -21"><span class='ocrx_word' id='word_1_94' title='bbox 88 1112 171 1201; x_wconf 83' lang='grc' dir='ltr'><strong><em>πρὸς</em></strong></span> <span class='ocrx_word' id='word_1_95' title='bbox 197 1112 258 1181; x_wconf 86' lang='grc' dir='ltr'><strong><em>τὸν</em></strong></span> <span class='ocrx_word' id='word_1_96' title='bbox 282 1119 329 1197; x_wconf 93' lang='grc' dir='ltr'><strong><em>Κ,</em></strong></span> <span class='ocrx_word' id='word_1_97' title='bbox 356 1113 412 1179; x_wconf 81' lang='grc' dir='ltr'><strong><em>καὶ</em></strong></span> <span class='ocrx_word' id='word_1_98' title='bbox 441 1117 488 1179; x_wconf 82' lang='grc' dir='ltr'><strong><em>ἔτι</em></strong></span> <span class='ocrx_word' id='word_1_99' title='bbox 516 1110 561 1192; x_wconf 79' lang='grc' dir='ltr'><strong><em>ὡς</em></strong></span> <span class='ocrx_word' id='word_1_100' title='bbox 590 1111 608 1180; x_wconf 94' lang='lat'><em>6</em></span> <span class='ocrx_word' id='word_1_101' title='bbox 632 1120 664 1180; x_wconf 84' lang='lat' dir='ltr'><em>E</em></span> <span class='ocrx_word' id='word_1_102' title='bbox 691 1111 776 1201; x_wconf 81' lang='grc' dir='ltr'><strong><em>πρὸς</em></strong></span> <span class='ocrx_word' id='word_1_103' title='bbox 797 1111 859 1181; x_wconf 86' lang='grc' dir='ltr'><strong><em>τὸυ</em></strong></span> <span class='ocrx_word' id='word_1_104' title='bbox 882 1122 925 1199; x_wconf 92' lang='grc' dir='ltr'><strong><em>Ζ,</em></strong></span> <span class='ocrx_word' id='word_1_105' title='bbox 954 1112 1064 1195; x_wconf 79' lang='grc' dir='ltr'><strong><em>οὕτως</em></strong></span> <span class='ocrx_word' id='word_1_106' title='bbox 1088 1112 1108 1183; x_wconf 92' lang='lat'><em>6</em></span> 
     </span>
     <span class='ocr_line' id='line_1_11' title="bbox 37 1217 1108 1312; baseline 0.002 -26"><span class='ocrx_word' id='word_1_107' title='bbox 37 1237 70 1286; x_wconf 89' lang='lat'><strong><em>10</em></strong></span> <span class='ocrx_word' id='word_1_108' title='bbox 89 1227 124 1287; x_wconf 89' lang='lat' dir='ltr'><strong><em>K</em></strong></span> <span class='ocrx_word' id='word_1_109' title='bbox 149 1218 233 1307; x_wconf 88' lang='grc' dir='ltr'><strong><em>τιρός</em></strong></span> <span class='ocrx_word' id='word_1_110' title='bbox 258 1217 320 1286; x_wconf 89' lang='grc' dir='ltr'><strong><em>τὸυ</em></strong></span> <span class='ocrx_word' id='word_1_111' title='bbox 348 1226 393 1285; x_wconf 85' lang='grc' dir='ltr'><strong><em>Λ·</em></strong></span> <span class='ocrx_word' id='word_1_112' title='bbox 422 1221 457 1286; x_wconf 78' lang='grc' dir='ltr'><strong><em>οἱ</em></strong></span> <span class='ocrx_word' id='word_1_113' title='bbox 483 1227 526 1304; x_wconf 91' lang='grc' dir='ltr'><strong><em>Θ,</em></strong></span> <span class='ocrx_word' id='word_1_114' title='bbox 544 1226 594 1305; x_wconf 88' lang='grc' dir='ltr'><strong><em>Η,</em></strong></span> <span class='ocrx_word' id='word_1_115' title='bbox 613 1226 660 1305; x_wconf 87' lang='grc' dir='ltr'><strong><em>Κ,</em></strong></span> <span class='ocrx_word' id='word_1_116' title='bbox 681 1227 712 1287; x_wconf 91' lang='grc' dir='ltr'><em>Λ</em></span> <span class='ocrx_word' id='word_1_117' title='bbox 740 1218 807 1312; x_wconf 84' lang='grc' dir='ltr'><strong><em>άροι</em></strong></span> <span class='ocrx_word' id='word_1_118' title='bbox 835 1221 909 1307; x_wconf 79' lang='grc' dir='ltr'><em>ἑξῆς</em></span> <span class='ocrx_word' id='word_1_119' title='bbox 930 1218 1108 1306; x_wconf 77' lang='grc' dir='ltr'><strong><em>άυάλογόν</em></strong></span> 
     </span>
     <span class='ocr_line' id='line_1_12' title="bbox 89 1324 1112 1417; baseline 0.003 -24"><span class='ocrx_word' id='word_1_120' title='bbox 89 1331 175 1394; x_wconf 80' lang='grc' dir='ltr'><strong><em>εἰσιν</em></strong></span> <span class='ocrx_word' id='word_1_121' title='bbox 203 1330 240 1392; x_wconf 82' lang='grc' dir='ltr'><strong><em>ἔυ</em></strong></span> <span class='ocrx_word' id='word_1_122' title='bbox 266 1351 301 1393; x_wconf 84' lang='grc' dir='ltr'><strong><em>τε</em></strong></span> <span class='ocrx_word' id='word_1_123' title='bbox 330 1330 376 1417; x_wconf 79' lang='grc' dir='ltr'><strong><em>τῷ</em></strong></span> <span class='ocrx_word' id='word_1_124' title='bbox 400 1328 462 1392; x_wconf 84' lang='grc' dir='ltr'><strong><em>τοῦ</em></strong></span> <span class='ocrx_word' id='word_1_125' title='bbox 485 1332 518 1391; x_wconf 94' lang='lat' dir='ltr'><em>A</em></span> <span class='ocrx_word' id='word_1_126' title='bbox 540 1324 623 1413; x_wconf 82' lang='grc' dir='ltr'><strong><em>πρὸς</em></strong></span> <span class='ocrx_word' id='word_1_127' title='bbox 646 1325 707 1394; x_wconf 87' lang='grc' dir='ltr'><strong><em>τὸν</em></strong></span> <span class='ocrx_word' id='word_1_128' title='bbox 730 1334 759 1393; x_wconf 92' lang='grc' dir='ltr'><strong>Β</strong></span> <span class='ocrx_word' id='word_1_129' title='bbox 781 1326 838 1394; x_wconf 84' lang='grc' dir='ltr'><strong><em>καὶ</em></strong></span> <span class='ocrx_word' id='word_1_130' title='bbox 862 1329 899 1394; x_wconf 81' lang='grc' dir='ltr'><strong><em>ἐυ</em></strong></span> <span class='ocrx_word' id='word_1_131' title='bbox 921 1331 967 1416; x_wconf 77' lang='grc' dir='ltr'><strong><em>τῷ</em></strong></span> <span class='ocrx_word' id='word_1_132' title='bbox 990 1338 1052 1395; x_wconf 87' lang='grc' dir='ltr'><strong><em>τοῦ</em></strong></span> <span class='ocrx_word' id='word_1_133' title='bbox 1077 1335 1112 1396; x_wconf 88' lang='grc' dir='ltr'>Γ</span> 
     </span>
     <span class='ocr_line' id='line_1_13' title="bbox 87 1430 1105 1526; baseline 0.002 -28"><span class='ocrx_word' id='word_1_134' title='bbox 87 1430 170 1516; x_wconf 81' lang='grc' dir='ltr'><strong><em>πρὸς</em></strong></span> <span class='ocrx_word' id='word_1_135' title='bbox 197 1430 257 1498; x_wconf 89' lang='grc' dir='ltr'><strong><em>τὸυ</em></strong></span> <span class='ocrx_word' id='word_1_136' title='bbox 282 1439 315 1496; x_wconf 97' lang='lat' dir='ltr'><em>A</em></span> <span class='ocrx_word' id='word_1_137' title='bbox 337 1431 393 1497; x_wconf 82' lang='grc' dir='ltr'><strong><em>καὶ</em></strong></span> <span class='ocrx_word' id='word_1_138' title='bbox 417 1435 465 1498; x_wconf 84' lang='grc' dir='ltr'><strong><em>ἔτι</em></strong></span> <span class='ocrx_word' id='word_1_139' title='bbox 488 1434 525 1498; x_wconf 83' lang='grc' dir='ltr'><strong><em>ἐυ</em></strong></span> <span class='ocrx_word' id='word_1_140' title='bbox 547 1435 593 1522; x_wconf 78' lang='grc' dir='ltr'><strong><em>τῷ</em></strong></span> <span class='ocrx_word' id='word_1_141' title='bbox 616 1435 678 1500; x_wconf 82' lang='grc' dir='ltr'><strong><em>τοῦ</em></strong></span> <span class='ocrx_word' id='word_1_142' title='bbox 702 1439 734 1499; x_wconf 88' lang='lat' dir='ltr'><em>E</em></span> <span class='ocrx_word' id='word_1_143' title='bbox 754 1431 838 1518; x_wconf 77' lang='grc' dir='ltr'><strong><em>πρὸς</em></strong></span> <span class='ocrx_word' id='word_1_144' title='bbox 860 1431 921 1500; x_wconf 86' lang='grc' dir='ltr'><strong><em>τὸν</em></strong></span> <span class='ocrx_word' id='word_1_145' title='bbox 945 1441 972 1500; x_wconf 91' lang='grc' dir='ltr'>Ζ</span> <span class='ocrx_word' id='word_1_146' title='bbox 1002 1433 1105 1526; x_wconf 77' lang='grc' dir='ltr'><strong>λόγῳ.</strong></span> 
     </span>
     <span class='ocr_line' id='line_1_14' title="bbox 88 1534 1106 1626; baseline 0.003 -21"><span class='ocrx_word' id='word_1_147' title='bbox 88 1538 172 1623; x_wconf 81' lang='grc' dir='ltr'><strong><em>λέγω</em></strong></span> <span class='ocrx_word' id='word_1_148' title='bbox 202 1535 260 1623; x_wconf 77' lang='grc' dir='ltr'><strong><em>δή,</em></strong></span> <span class='ocrx_word' id='word_1_149' title='bbox 290 1534 341 1604; x_wconf 82' lang='grc' dir='ltr'><strong><em>ὅτι</em></strong></span> <span class='ocrx_word' id='word_1_150' title='bbox 369 1538 425 1605; x_wconf 83' lang='grc' dir='ltr'><strong><em>καὶ</em></strong></span> <span class='ocrx_word' id='word_1_151' title='bbox 453 1536 629 1624; x_wconf 79' lang='grc' dir='ltr'><strong><em>ἐλάχιστοι.</em></strong></span> <span class='ocrx_word' id='word_1_152' title='bbox 675 1541 708 1605; x_wconf 76' lang='grc' dir='ltr'><strong><em>εί</em></strong></span> <span class='ocrx_word' id='word_1_153' title='bbox 734 1536 799 1626; x_wconf 74' lang='grc' dir='ltr'><strong><em>γάρ</em></strong></span> <span class='ocrx_word' id='word_1_154' title='bbox 828 1537 872 1625; x_wconf 79' lang='grc' dir='ltr'><strong><em>μή</em></strong></span> <span class='ocrx_word' id='word_1_155' title='bbox 897 1542 983 1606; x_wconf 82' lang='grc' dir='ltr'><strong><em>εἰσιν</em></strong></span> <span class='ocrx_word' id='word_1_156' title='bbox 1007 1543 1044 1607; x_wconf 82' lang='lat'><strong><em>06</em></strong></span> <span class='ocrx_word' id='word_1_157' title='bbox 1066 1548 1106 1626; x_wconf 91' lang='grc' dir='ltr'><strong><em>Θ,</em></strong></span> 
     </span>
     <span class='ocr_line' id='line_1_15' title="bbox 87 1641 1106 1730; baseline 0.003 -20"><span class='ocrx_word' id='word_1_158' title='bbox 87 1650 138 1728; x_wconf 91' lang='lat' dir='ltr'><strong><em>H,</em></strong></span> <span class='ocrx_word' id='word_1_159' title='bbox 156 1650 203 1729; x_wconf 90' lang='lat' dir='ltr'><strong><em>K,</em></strong></span> <span class='ocrx_word' id='word_1_160' title='bbox 223 1651 255 1710; x_wconf 92' lang='lat' dir='ltr'><em>A</em></span> <span class='ocrx_word' id='word_1_161' title='bbox 283 1644 358 1730; x_wconf 81' lang='grc' dir='ltr'><em>ἑξῆς</em></span> <span class='ocrx_word' id='word_1_162' title='bbox 385 1641 557 1730; x_wconf 79' lang='grc' dir='ltr'><strong><em>άυάλογου</em></strong></span> <span class='ocrx_word' id='word_1_163' title='bbox 585 1642 752 1730; x_wconf 79' lang='grc' dir='ltr'><strong><em>ἐλάχιστοι</em></strong></span> <span class='ocrx_word' id='word_1_164' title='bbox 776 1649 813 1712; x_wconf 84' lang='grc' dir='ltr'><strong><em>ἔυ</em></strong></span> <span class='ocrx_word' id='word_1_165' title='bbox 835 1669 872 1712; x_wconf 86' lang='grc' dir='ltr'><strong><em>τε</em></strong></span> <span class='ocrx_word' id='word_1_166' title='bbox 893 1658 964 1724; x_wconf 86' lang='grc' dir='ltr'><strong><em>τοῖς</em></strong></span> <span class='ocrx_word' id='word_1_167' title='bbox 986 1649 1049 1713; x_wconf 81' lang='grc' dir='ltr'><strong><em>τοῦ</em></strong></span> <span class='ocrx_word' id='word_1_168' title='bbox 1074 1656 1106 1713; x_wconf 93' lang='lat' dir='ltr'><em>A</em></span> 
     </span>
     <span class='ocr_line' id='line_1_16' title="bbox 35 1736 1107 1843; baseline 0.001 -25"><span class='ocrx_word' id='word_1_169' title='bbox 35 1769 70 1818; x_wconf 80' lang='lat'><strong><em>15</em></strong></span> <span class='ocrx_word' id='word_1_170' title='bbox 89 1749 173 1835; x_wconf 84' lang='grc' dir='ltr'><strong><em>πρὸς</em></strong></span> <span class='ocrx_word' id='word_1_171' title='bbox 199 1749 260 1817; x_wconf 86' lang='grc' dir='ltr'><strong><em>τὸν</em></strong></span> <span class='ocrx_word' id='word_1_172' title='bbox 287 1757 316 1816; x_wconf 92' lang='grc' dir='ltr'><strong>Β</strong></span> <span class='ocrx_word' id='word_1_173' title='bbox 338 1751 396 1817; x_wconf 83' lang='grc' dir='ltr'><strong><em>καὶ</em></strong></span> <span class='ocrx_word' id='word_1_174' title='bbox 423 1754 484 1818; x_wconf 85' lang='grc' dir='ltr'><strong><em>τοῦ</em></strong></span> <span class='ocrx_word' id='word_1_175' title='bbox 512 1756 545 1818; x_wconf 94' lang='grc' dir='ltr'>Γ</span> <span class='ocrx_word' id='word_1_176' title='bbox 567 1736 652 1835; x_wconf 83' lang='grc' dir='ltr'><strong><em>κρός</em></strong></span> <span class='ocrx_word' id='word_1_177' title='bbox 678 1748 739 1817; x_wconf 87' lang='grc' dir='ltr'><strong><em>τὸυ</em></strong></span> <span class='ocrx_word' id='word_1_178' title='bbox 768 1759 802 1816; x_wconf 96' lang='lat' dir='ltr'><em>A</em></span> <span class='ocrx_word' id='word_1_179' title='bbox 832 1750 888 1817; x_wconf 82' lang='grc' dir='ltr'><strong><em>καὶ</em></strong></span> <span class='ocrx_word' id='word_1_180' title='bbox 916 1752 953 1818; x_wconf 82' lang='grc' dir='ltr'><strong><em>ἐυ</em></strong></span> <span class='ocrx_word' id='word_1_181' title='bbox 971 1755 1017 1843; x_wconf 77' lang='grc' dir='ltr'><strong><em>τῷ</em></strong></span> <span class='ocrx_word' id='word_1_182' title='bbox 1042 1757 1107 1820; x_wconf 83' lang='grc' dir='ltr'><strong><em>τοῦ</em></strong></span> 
     </span>
     <span class='ocr_line' id='line_1_17' title="bbox 89 1853 1108 1942; baseline 0.003 -20"><span class='ocrx_word' id='word_1_183' title='bbox 89 1863 121 1922; x_wconf 88' lang='grc' dir='ltr'><em>Ε</em></span> <span class='ocrx_word' id='word_1_184' title='bbox 141 1853 224 1942; x_wconf 85' lang='grc' dir='ltr'><strong><em>πρὸς</em></strong></span> <span class='ocrx_word' id='word_1_185' title='bbox 245 1853 306 1921; x_wconf 85' lang='grc' dir='ltr'><strong><em>τὸυ</em></strong></span> <span class='ocrx_word' id='word_1_186' title='bbox 331 1863 358 1920; x_wconf 90' lang='grc' dir='ltr'>Ζ</span> <span class='ocrx_word' id='word_1_187' title='bbox 380 1855 507 1941; x_wconf 77' lang='grc' dir='ltr'>λόγοις,</span> <span class='ocrx_word' id='word_1_188' title='bbox 530 1860 678 1922; x_wconf 83' lang='grc' dir='ltr'><strong><em>ἔστωσαν</em></strong></span> <span class='ocrx_word' id='word_1_189' title='bbox 703 1858 738 1922; x_wconf 78' lang='grc' dir='ltr'><strong><em>οῖ</em></strong></span> <span class='ocrx_word' id='word_1_190' title='bbox 758 1863 808 1937; x_wconf 94' lang='grc' dir='ltr'><strong><em>Ν,</em></strong></span> <span class='ocrx_word' id='word_1_191' title='bbox 828 1858 870 1940; x_wconf 76' lang='grc' dir='ltr'><strong><em>Ξ,</em></strong></span> <span class='ocrx_word' id='word_1_192' title='bbox 890 1864 944 1941; x_wconf 88' lang='grc' dir='ltr'><strong><em>Μ,</em></strong></span> <span class='ocrx_word' id='word_1_193' title='bbox 965 1863 1010 1927; x_wconf 89' lang='grc'><strong><em>0.·</em></strong></span> <span class='ocrx_word' id='word_1_194' title='bbox 1048 1859 1108 1926; x_wconf 77' lang='grc' dir='ltr'><strong><em>καὶ</em></strong></span> 
     </span>
    </p>
   </div>
   <div class='ocr_carea' id='block_1_3' title="bbox 36 1958 1108 2579">
    <p class='ocr_par' dir='ltr' id='par_1_3' title="bbox 36 1958 1108 2579">
     <span class='ocr_line' id='line_1_18' title="bbox 89 1958 1108 2053; baseline 0.004 -25"><span class='ocrx_word' id='word_1_195' title='bbox 89 1963 162 2028; x_wconf 79' lang='grc' dir='ltr'><strong><em>ἐπεί</em></strong></span> <span class='ocrx_word' id='word_1_196' title='bbox 191 1963 281 2027; x_wconf 80' lang='grc' dir='ltr'><strong><em>ἐστιν</em></strong></span> <span class='ocrx_word' id='word_1_197' title='bbox 314 1958 359 2039; x_wconf 83' lang='grc' dir='ltr'><strong><em>άις</em></strong></span> <span class='ocrx_word' id='word_1_198' title='bbox 391 1958 408 2027; x_wconf 95' lang='lat'><em>6</em></span> <span class='ocrx_word' id='word_1_199' title='bbox 439 1970 471 2027; x_wconf 92' lang='lat' dir='ltr'><em>A</em></span> <span class='ocrx_word' id='word_1_200' title='bbox 498 1959 582 2046; x_wconf 83' lang='grc' dir='ltr'><strong><em>πρὸς</em></strong></span> <span class='ocrx_word' id='word_1_201' title='bbox 608 1959 669 2028; x_wconf 86' lang='grc' dir='ltr'><strong><em>τὸυ</em></strong></span> <span class='ocrx_word' id='word_1_202' title='bbox 697 1969 741 2045; x_wconf 88' lang='grc' dir='ltr'><strong><em>Β,</em></strong></span> <span class='ocrx_word' id='word_1_203' title='bbox 775 1959 881 2040; x_wconf 75' lang='grc' dir='ltr'><strong><em>οὕτως</em></strong></span> <span class='ocrx_word' id='word_1_204' title='bbox 908 1961 925 2029; x_wconf 95' lang='lat'><em>6</em></span> <span class='ocrx_word' id='word_1_205' title='bbox 956 1971 996 2030; x_wconf 94' lang='lat' dir='ltr'><em>N</em></span> <span class='ocrx_word' id='word_1_206' title='bbox 1018 1964 1108 2053; x_wconf 80' lang='grc' dir='ltr'><strong><em>πρὸς</em></strong></span> 
     </span>
     <span class='ocr_line' id='line_1_19' title="bbox 88 2065 1108 2157; baseline 0.004 -23"><span class='ocrx_word' id='word_1_207' title='bbox 88 2066 148 2134; x_wconf 88' lang='grc' dir='ltr'><strong><em>τὸυ</em></strong></span> <span class='ocrx_word' id='word_1_208' title='bbox 177 2068 219 2152; x_wconf 77' lang='grc' dir='ltr'><strong><em>Ξ,</em></strong></span> <span class='ocrx_word' id='word_1_209' title='bbox 253 2069 289 2133; x_wconf 75' lang='grc' dir='ltr'><strong><em>οἱ</em></strong></span> <span class='ocrx_word' id='word_1_210' title='bbox 314 2065 352 2133; x_wconf 76' lang='lat'><strong><em>66</em></strong></span> <span class='ocrx_word' id='word_1_211' title='bbox 379 2075 427 2152; x_wconf 89' lang='lat' dir='ltr'><strong><em>A,</em></strong></span> <span class='ocrx_word' id='word_1_212' title='bbox 454 2074 482 2133; x_wconf 94' lang='grc' dir='ltr'><strong>Β</strong></span> <span class='ocrx_word' id='word_1_213' title='bbox 511 2067 693 2154; x_wconf 78' lang='grc' dir='ltr'><strong><em>ἐλάχιστοι,</em></strong></span> <span class='ocrx_word' id='word_1_214' title='bbox 727 2069 763 2134; x_wconf 74' lang='grc' dir='ltr'><strong><em>οἱ</em></strong></span> <span class='ocrx_word' id='word_1_215' title='bbox 788 2066 826 2134; x_wconf 74' lang='lat'><strong><em>66</em></strong></span> <span class='ocrx_word' id='word_1_216' title='bbox 854 2067 1022 2154; x_wconf 79' lang='grc' dir='ltr'><strong><em>ἐλάχιστοι</em></strong></span> <span class='ocrx_word' id='word_1_217' title='bbox 1051 2097 1108 2157; x_wconf 85' lang='grc' dir='ltr'><strong><em>με·</em></strong></span> 
     </span>
     <span class='ocr_line' id='line_1_20' title="bbox 88 2169 1107 2260; baseline 0.002 -19"><span class='ocrx_word' id='word_1_218' title='bbox 88 2177 206 2260; x_wconf 84' lang='grc' dir='ltr'><strong><em>τροῦσι</em></strong></span> <span class='ocrx_word' id='word_1_219' title='bbox 234 2171 315 2250; x_wconf 81' lang='grc' dir='ltr'><strong><em>τοὺς</em></strong></span> <span class='ocrx_word' id='word_1_220' title='bbox 343 2171 403 2239; x_wconf 87' lang='grc' dir='ltr'><strong><em>τὸυ</em></strong></span> <span class='ocrx_word' id='word_1_221' title='bbox 431 2169 537 2239; x_wconf 80' lang='grc' dir='ltr'><strong><em>αὐτὸν</em></strong></span> <span class='ocrx_word' id='word_1_222' title='bbox 566 2173 670 2259; x_wconf 78' lang='grc' dir='ltr'><strong><em>λόγου</em></strong></span> <span class='ocrx_word' id='word_1_223' title='bbox 704 2177 841 2259; x_wconf 79' lang='grc' dir='ltr'><strong><em>ἔχοντας</em></strong></span> <span class='ocrx_word' id='word_1_224' title='bbox 870 2174 978 2253; x_wconf 79' lang='grc' dir='ltr'><em>ἰσάκις</em></span> <span class='ocrx_word' id='word_1_225' title='bbox 1015 2174 1034 2242; x_wconf 88' lang='lat'><em>6</em></span> <span class='ocrx_word' id='word_1_226' title='bbox 1071 2203 1107 2243; x_wconf 86' lang='grc' dir='ltr'><strong><em>τε</em></strong></span> 
     </span>
     <span class='ocr_line' id='line_1_21' title="bbox 36 2277 1106 2367; baseline 0.004 -21"><span class='ocrx_word' id='word_1_227' title='bbox 36 2303 70 2351; x_wconf 77' lang='lat'><strong><em>20</em></strong></span> <span class='ocrx_word' id='word_1_228' title='bbox 88 2285 208 2366; x_wconf 84' lang='grc' dir='ltr'><strong><em>μείζωυ</em></strong></span> <span class='ocrx_word' id='word_1_229' title='bbox 239 2277 300 2344; x_wconf 82' lang='grc' dir='ltr'><strong><em>τὸυ</em></strong></span> <span class='ocrx_word' id='word_1_230' title='bbox 336 2284 471 2364; x_wconf 81' lang='grc' dir='ltr'><strong><em>μείζουοι</em></strong></span> <span class='ocrx_word' id='word_1_231' title='bbox 506 2279 563 2345; x_wconf 83' lang='grc' dir='ltr'><strong><em>καὶ</em></strong></span> <span class='ocrx_word' id='word_1_232' title='bbox 595 2277 613 2348; x_wconf 94' lang='lat'><em>6</em></span> <span class='ocrx_word' id='word_1_233' title='bbox 647 2281 798 2347; x_wconf 79' lang='grc' dir='ltr'><strong><em>ἐλάσσων</em></strong></span> <span class='ocrx_word' id='word_1_234' title='bbox 830 2280 892 2347; x_wconf 88' lang='grc' dir='ltr'><strong><em>τόυ</em></strong></span> <span class='ocrx_word' id='word_1_235' title='bbox 924 2280 1106 2367; x_wconf 82' lang='grc' dir='ltr'>ἐλάσσονα,</span> 
     </span>
     <span class='ocr_line' id='line_1_22' title="bbox 88 2381 1106 2471; baseline 0.005 -20"><span class='ocrx_word' id='word_1_236' title='bbox 88 2385 259 2451; x_wconf 78' lang='grc' dir='ltr'><strong><em>τουτέστιν</em></strong></span> <span class='ocrx_word' id='word_1_237' title='bbox 284 2381 303 2450; x_wconf 92' lang='lat'><strong><em>6&#39;</em></strong></span> <span class='ocrx_word' id='word_1_238' title='bbox 325 2408 359 2451; x_wconf 89' lang='grc' dir='ltr'><strong><em>τε</em></strong></span> <span class='ocrx_word' id='word_1_239' title='bbox 387 2381 576 2471; x_wconf 79' lang='grc' dir='ltr'><strong><em>ἡγούμενος</em></strong></span> <span class='ocrx_word' id='word_1_240' title='bbox 598 2384 659 2453; x_wconf 90' lang='grc' dir='ltr'><strong><em>τὸυ</em></strong></span> <span class='ocrx_word' id='word_1_241' title='bbox 690 2384 881 2470; x_wconf 82' lang='grc' dir='ltr'><strong><em>ἡγούμενον</em></strong></span> <span class='ocrx_word' id='word_1_242' title='bbox 904 2386 959 2452; x_wconf 79' lang='grc' dir='ltr'><strong><em>καὶ</em></strong></span> <span class='ocrx_word' id='word_1_243' title='bbox 984 2384 1002 2454; x_wconf 97' lang='lat'><em>6</em></span> <span class='ocrx_word' id='word_1_244' title='bbox 1028 2388 1106 2456; x_wconf 84' lang='grc' dir='ltr'><em>ἑπό-</em></span> 
     </span>
     <span class='ocr_line' id='line_1_23' title="bbox 88 2487 1106 2579; baseline 0.005 -22"><span class='ocrx_word' id='word_1_245' title='bbox 88 2516 189 2576; x_wconf 84' lang='grc' dir='ltr'><strong><em>μευος</em></strong></span> <span class='ocrx_word' id='word_1_246' title='bbox 219 2489 280 2557; x_wconf 89' lang='grc' dir='ltr'><strong><em>τὸυ</em></strong></span> <span class='ocrx_word' id='word_1_247' title='bbox 314 2489 495 2576; x_wconf 81' lang='grc' dir='ltr'><strong><em>ἑπόμενον,</em></strong></span> <span class='ocrx_word' id='word_1_248' title='bbox 528 2487 547 2557; x_wconf 94' lang='lat'><em>6</em></span> <span class='ocrx_word' id='word_1_249' title='bbox 576 2498 604 2557; x_wconf 95' lang='grc' dir='ltr'><strong>Β</strong></span> <span class='ocrx_word' id='word_1_250' title='bbox 633 2491 699 2577; x_wconf 82' lang='grc' dir='ltr'><strong><em>άροι</em></strong></span> <span class='ocrx_word' id='word_1_251' title='bbox 726 2491 787 2558; x_wconf 86' lang='grc' dir='ltr'><strong><em>τὸυ</em></strong></span> <span class='ocrx_word' id='word_1_252' title='bbox 814 2493 844 2567; x_wconf 77' lang='grc' dir='ltr'><em>Ξ</em></span> <span class='ocrx_word' id='word_1_253' title='bbox 874 2506 993 2579; x_wconf 82' lang='grc' dir='ltr'><strong><em>μετρεῖ.</em></strong></span> <span class='ocrx_word' id='word_1_254' title='bbox 1047 2494 1106 2562; x_wconf 79' lang='grc' dir='ltr'><strong><em>διὰ</em></strong></span> 
     </span>
    </p>
   </div>
   <div class='ocr_carea' id='block_1_4' title="bbox 86 2664 1107 3517">
    <p class='ocr_par' dir='ltr' id='par_1_4' title="bbox 86 2664 1107 3517">
     <span class='ocr_line' id='line_1_24' title="bbox 162 2664 1105 2741; baseline 0.003 -19"><span class='ocrx_word' id='word_1_255' title='bbox 162 2674 185 2722; x_wconf 92' lang='grc'><strong><em>1.</em></strong></span> <span class='ocrx_word' id='word_1_256' title='bbox 207 2667 246 2737; x_wconf 92' lang='grc' dir='ltr'><strong><em>Θ]</em></strong></span> <span class='ocrx_word' id='word_1_257' title='bbox 271 2683 341 2721; x_wconf 81' lang='lat' dir='ltr'><strong>eras.</strong></span> <span class='ocrx_word' id='word_1_258' title='bbox 360 2666 395 2720; x_wconf 90' lang='lat' dir='ltr'><strong><em>V.</em></strong></span> <span class='ocrx_word' id='word_1_259' title='bbox 468 2675 492 2721; x_wconf 77' lang='lat'><strong><em>2.</em></strong></span> <span class='ocrx_word' id='word_1_260' title='bbox 512 2667 577 2737; x_wconf 83' lang='grc' dir='ltr'><strong><em>καί]</em></strong></span> <span class='ocrx_word' id='word_1_261' title='bbox 602 2683 655 2721; x_wconf 90' lang='lat' dir='ltr'><strong><em>om.</em></strong></span> <span class='ocrx_word' id='word_1_262' title='bbox 676 2667 736 2736; x_wconf 67' lang='lat' dir='ltr'>Vq).</span> <span class='ocrx_word' id='word_1_263' title='bbox 810 2674 835 2724; x_wconf 83' lang='lat'><strong><em>9.</em></strong></span> <span class='ocrx_word' id='word_1_264' title='bbox 856 2666 897 2722; x_wconf 74' lang='grc' dir='ltr'><strong><em>ἔτι</em></strong></span> <span class='ocrx_word' id='word_1_265' title='bbox 921 2664 975 2741; x_wconf 77' lang='grc' dir='ltr'><strong><em>ὡς]</em></strong></span> <span class='ocrx_word' id='word_1_266' title='bbox 998 2669 1029 2724; x_wconf 91' lang='lat' dir='ltr'><strong><em>in</em></strong></span> <span class='ocrx_word' id='word_1_267' title='bbox 1048 2689 1105 2726; x_wconf 84' lang='lat' dir='ltr'><strong>ras.</strong></span> 
     </span>
     <span class='ocr_line' id='line_1_25' title="bbox 88 2725 1105 2810; baseline 0.006 -19"><span class='ocrx_word' id='word_1_268' title='bbox 88 2757 125 2792; x_wconf 87' lang='lat' dir='ltr'><strong><em>m.</em></strong></span> <span class='ocrx_word' id='word_1_269' title='bbox 144 2755 199 2793; x_wconf 78' lang='lat' dir='ltr'>reo.</span> <span class='ocrx_word' id='word_1_270' title='bbox 218 2739 248 2791; x_wconf 90' lang='lat' dir='ltr'><strong><em>P.</em></strong></span> <span class='ocrx_word' id='word_1_271' title='bbox 323 2744 363 2793; x_wconf 90' lang='grc'><strong><em>10.</em></strong></span> <span class='ocrx_word' id='word_1_272' title='bbox 386 2739 423 2806; x_wconf 89' lang='grc' dir='ltr'>Θ,</span> <span class='ocrx_word' id='word_1_273' title='bbox 444 2738 489 2809; x_wconf 84' lang='grc' dir='ltr'><strong><em>Η]</em></strong></span> <span class='ocrx_word' id='word_1_274' title='bbox 514 2754 617 2792; x_wconf 83' lang='lat' dir='ltr'>ecorr.</span> <span class='ocrx_word' id='word_1_275' title='bbox 637 2739 702 2806; x_wconf 77' lang='lat' dir='ltr'><strong>post</strong></span> <span class='ocrx_word' id='word_1_276' title='bbox 719 2755 773 2794; x_wconf 79' lang='lat' dir='ltr'><strong><em>ras.</em></strong></span> <span class='ocrx_word' id='word_1_277' title='bbox 792 2745 808 2792; x_wconf 83' lang='lat'>2</span> <span class='ocrx_word' id='word_1_278' title='bbox 828 2738 883 2793; x_wconf 77' lang='lat' dir='ltr'><strong>litt.</strong></span> <span class='ocrx_word' id='word_1_279' title='bbox 903 2725 942 2805; x_wconf 75' lang='lat' dir='ltr'><strong><em>V;</em></strong></span> <span class='ocrx_word' id='word_1_280' title='bbox 963 2743 1005 2810; x_wconf 87' lang='grc' dir='ltr'><strong><em>Η,</em></strong></span> <span class='ocrx_word' id='word_1_281' title='bbox 1026 2743 1052 2794; x_wconf 89' lang='grc' dir='ltr'>Θ</span> <span class='ocrx_word' id='word_1_282' title='bbox 1072 2743 1105 2797; x_wconf 92' lang='grc' dir='ltr'><strong><em>Β.</em></strong></span> 
     </span>
     <span class='ocr_line' id='line_1_26' title="bbox 88 2804 1102 2883; baseline 0.004 -20"><span class='ocrx_word' id='word_1_283' title='bbox 88 2804 243 2879; x_wconf 79' lang='grc' dir='ltr'><strong><em>άκάλογου]</em></strong></span> <span class='ocrx_word' id='word_1_284' title='bbox 263 2809 300 2873; x_wconf 84' lang='grc' dir='ltr'><strong><em>Ρ;</em></strong></span> <span class='ocrx_word' id='word_1_285' title='bbox 321 2825 375 2865; x_wconf 86' lang='lat' dir='ltr'><strong><em>om.</em></strong></span> <span class='ocrx_word' id='word_1_286' title='bbox 394 2808 484 2877; x_wconf 66' lang='lat' dir='ltr'><strong>Bvqo.</strong></span> <span class='ocrx_word' id='word_1_287' title='bbox 541 2813 583 2862; x_wconf 92' lang='lat'><strong><em>11.</em></strong></span> <span class='ocrx_word' id='word_1_288' title='bbox 603 2808 645 2879; x_wconf 90' lang='grc' dir='ltr'><strong><em>τε]</em></strong></span> <span class='ocrx_word' id='word_1_289' title='bbox 667 2825 721 2862; x_wconf 88' lang='lat' dir='ltr'><strong><em>om.</em></strong></span> <span class='ocrx_word' id='word_1_290' title='bbox 735 2808 796 2878; x_wconf 69' lang='lat' dir='ltr'><strong><em>Vq).</em></strong></span> <span class='ocrx_word' id='word_1_291' title='bbox 854 2815 894 2866; x_wconf 84' lang='lat'><strong><em>13.</em></strong></span> <span class='ocrx_word' id='word_1_292' title='bbox 917 2811 959 2883; x_wconf 87' lang='grc' dir='ltr'><strong><em>Θ]</em></strong></span> <span class='ocrx_word' id='word_1_293' title='bbox 979 2828 1051 2866; x_wconf 77' lang='lat' dir='ltr'>eraS.</span> <span class='ocrx_word' id='word_1_294' title='bbox 1068 2814 1102 2867; x_wconf 84' lang='lat' dir='ltr'><strong><em>V.</em></strong></span> 
     </span>
     <span class='ocr_line' id='line_1_27' title="bbox 91 2874 1106 2951; baseline 0.003 -17"><span class='ocrx_word' id='word_1_295' title='bbox 91 2881 129 2946; x_wconf 87' lang='grc' dir='ltr'><strong><em>Θ,</em></strong></span> <span class='ocrx_word' id='word_1_296' title='bbox 149 2880 192 2948; x_wconf 88' lang='grc' dir='ltr'><strong><em>Η]</em></strong></span> <span class='ocrx_word' id='word_1_297' title='bbox 213 2882 254 2944; x_wconf 88' lang='grc' dir='ltr'><strong><em>Η,</em></strong></span> <span class='ocrx_word' id='word_1_298' title='bbox 275 2882 299 2932; x_wconf 91' lang='grc' dir='ltr'>Θ</span> <span class='ocrx_word' id='word_1_299' title='bbox 317 2880 348 2932; x_wconf 90' lang='grc' dir='ltr'><strong><em>Β.</em></strong></span> <span class='ocrx_word' id='word_1_300' title='bbox 404 2885 446 2933; x_wconf 87' lang='grc'><strong><em>14.</em></strong></span> <span class='ocrx_word' id='word_1_301' title='bbox 466 2874 620 2950; x_wconf 81' lang='grc' dir='ltr'><strong><em>άυάῖογου]</em></strong></span> <span class='ocrx_word' id='word_1_302' title='bbox 640 2878 676 2943; x_wconf 87' lang='grc' dir='ltr'><strong><em>Ρ;</em></strong></span> <span class='ocrx_word' id='word_1_303' title='bbox 695 2896 751 2949; x_wconf 86' lang='lat' dir='ltr'><strong><em>mg.</em></strong></span> <span class='ocrx_word' id='word_1_304' title='bbox 766 2899 803 2934; x_wconf 89' lang='lat' dir='ltr'><strong><em>m.</em></strong></span> <span class='ocrx_word' id='word_1_305' title='bbox 824 2880 887 2948; x_wconf 86' lang='lat' dir='ltr'><strong><em>1V‚</em></strong></span> <span class='ocrx_word' id='word_1_306' title='bbox 908 2881 962 2935; x_wconf 85' lang='lat' dir='ltr'><strong>del.</strong></span> <span class='ocrx_word' id='word_1_307' title='bbox 977 2899 1015 2936; x_wconf 91' lang='lat' dir='ltr'><strong><em>m.</em></strong></span> <span class='ocrx_word' id='word_1_308' title='bbox 1029 2901 1106 2951; x_wconf 82' lang='lat' dir='ltr'><strong>rec.;</strong></span> 
     </span>
     <span class='ocr_line' id='line_1_28' title="bbox 90 2947 1105 3024; baseline 0.004 -20"><span class='ocrx_word' id='word_1_309' title='bbox 90 2967 143 3004; x_wconf 88' lang='lat' dir='ltr'><strong><em>om.</em></strong></span> <span class='ocrx_word' id='word_1_310' title='bbox 159 2949 217 3016; x_wconf 86' lang='grc' dir='ltr'><strong><em>Βφ,</em></strong></span> <span class='ocrx_word' id='word_1_311' title='bbox 268 2951 310 3016; x_wconf 86' lang='grc' dir='ltr'><strong><em>τε]</em></strong></span> <span class='ocrx_word' id='word_1_312' title='bbox 327 2966 380 3003; x_wconf 91' lang='lat' dir='ltr'><strong><em>om.</em></strong></span> <span class='ocrx_word' id='word_1_313' title='bbox 396 2949 487 3018; x_wconf 67' lang='grc' dir='ltr'><strong><em>ΒΚφ.</em></strong></span> <span class='ocrx_word' id='word_1_314' title='bbox 545 2955 585 3004; x_wconf 82' lang='lat'><strong><em>15.</em></strong></span> <span class='ocrx_word' id='word_1_315' title='bbox 605 2950 672 3021; x_wconf 85' lang='grc' dir='ltr'><strong><em>καί]</em></strong></span> <span class='ocrx_word' id='word_1_316' title='bbox 692 2951 740 3004; x_wconf 76' lang='grc' dir='ltr'><strong><em>καὶ</em></strong></span> <span class='ocrx_word' id='word_1_317' title='bbox 761 2947 792 3004; x_wconf 77' lang='grc' dir='ltr'><strong><em>ἐκ</em></strong></span> <span class='ocrx_word' id='word_1_318' title='bbox 810 2953 848 3005; x_wconf 81' lang='grc' dir='ltr'><strong><em>τῶ</em></strong></span> <span class='ocrx_word' id='word_1_319' title='bbox 864 2952 893 3006; x_wconf 86' lang='grc' dir='ltr'><strong><em>Ρ.</em></strong></span> <span class='ocrx_word' id='word_1_320' title='bbox 942 2948 1044 3024; x_wconf 71' lang='grc' dir='ltr'><strong><em>ἐντῷ]</em></strong></span> <span class='ocrx_word' id='word_1_321' title='bbox 1063 2952 1105 3008; x_wconf 76' lang='grc' dir='ltr'><strong><em>ἔτι</em></strong></span> 
     </span>
     <span class='ocr_line' id='line_1_29' title="bbox 89 3007 1107 3108; baseline 0.006 -35"><span class='ocrx_word' id='word_1_322' title='bbox 89 3022 126 3092; x_wconf 77' lang='grc' dir='ltr'><strong><em>τῷ</em></strong></span> <span class='ocrx_word' id='word_1_323' title='bbox 141 3019 178 3085; x_wconf 88' lang='grc' dir='ltr'>Β,</span> <span class='ocrx_word' id='word_1_324' title='bbox 199 3017 239 3072; x_wconf 72' lang='grc' dir='ltr'><strong><em>ἔτι</em></strong></span> <span class='ocrx_word' id='word_1_325' title='bbox 255 3015 286 3072; x_wconf 77' lang='grc' dir='ltr'><strong><em>ἐκ</em></strong></span> <span class='ocrx_word' id='word_1_326' title='bbox 300 3021 337 3089; x_wconf 79' lang='grc' dir='ltr'><strong><em>τῷ</em></strong></span> <span class='ocrx_word' id='word_1_327' title='bbox 354 3019 415 3108; x_wconf 52' lang='lat' dir='ltr'><strong><em>Vq.</em></strong></span> <span class='ocrx_word' id='word_1_328' title='bbox 472 3027 514 3092; x_wconf 66' lang='grc'>16,</span> <span class='ocrx_word' id='word_1_329' title='bbox 528 3023 597 3075; x_wconf 83' lang='lat' dir='ltr'><strong>Post</strong></span> <span class='ocrx_word' id='word_1_330' title='bbox 614 3017 708 3088; x_wconf 76' lang='grc' dir='ltr'><em>λόγοις</em></span> <span class='ocrx_word' id='word_1_331' title='bbox 727 3022 791 3075; x_wconf 84' lang='lat' dir='ltr'><strong>add.</strong></span> <span class='ocrx_word' id='word_1_332' title='bbox 812 3007 880 3090; x_wconf 64' lang='lat' dir='ltr'><strong><em>ch:</em></strong></span> <span class='ocrx_word' id='word_1_333' title='bbox 901 3020 1017 3077; x_wconf 72' lang='grc' dir='ltr'><strong><em>ἔσονταί</em></strong></span> <span class='ocrx_word' id='word_1_334' title='bbox 1027 3045 1107 3087; x_wconf 83' lang='grc' dir='ltr'><strong><em>τινες</em></strong></span> 
     </span>
     <span class='ocr_line' id='line_1_30' title="bbox 89 3088 1107 3163; baseline 0.007 -20"><span class='ocrx_word' id='word_1_335' title='bbox 89 3091 145 3144; x_wconf 79' lang='grc' dir='ltr'><strong><em>τῶν</em></strong></span> <span class='ocrx_word' id='word_1_336' title='bbox 164 3093 205 3159; x_wconf 90' lang='grc' dir='ltr'><strong><em>Η,</em></strong></span> <span class='ocrx_word' id='word_1_337' title='bbox 226 3091 262 3159; x_wconf 87' lang='grc' dir='ltr'><strong><em>Θ,</em></strong></span> <span class='ocrx_word' id='word_1_338' title='bbox 282 3094 321 3157; x_wconf 92' lang='grc' dir='ltr'><strong><em>Κ,</em></strong></span> <span class='ocrx_word' id='word_1_339' title='bbox 339 3095 363 3144; x_wconf 86' lang='lat' dir='ltr'><em>A</em></span> <span class='ocrx_word' id='word_1_340' title='bbox 383 3092 449 3159; x_wconf 79' lang='grc' dir='ltr'><strong><em>εξῆς</em></strong></span> <span class='ocrx_word' id='word_1_341' title='bbox 468 3093 534 3160; x_wconf 85' lang='lat' dir='ltr'><strong>(mg.</strong></span> <span class='ocrx_word' id='word_1_342' title='bbox 554 3091 590 3161; x_wconf 84' lang='lat' dir='ltr'><strong><em>V)</em></strong></span> <span class='ocrx_word' id='word_1_343' title='bbox 616 3088 765 3154; x_wconf 71' lang='grc' dir='ltr'><strong><em>ἐλάσσονες</em></strong></span> <span class='ocrx_word' id='word_1_344' title='bbox 788 3089 909 3163; x_wconf 76' lang='grc' dir='ltr'><strong><em>άρυθμοὶ</em></strong></span> <span class='ocrx_word' id='word_1_345' title='bbox 934 3091 965 3147; x_wconf 72' lang='grc' dir='ltr'><strong><em>ἔκ</em></strong></span> <span class='ocrx_word' id='word_1_346' title='bbox 988 3113 1018 3148; x_wconf 88' lang='grc' dir='ltr'><strong><em>τε</em></strong></span> <span class='ocrx_word' id='word_1_347' title='bbox 1044 3103 1107 3158; x_wconf 87' lang='grc' dir='ltr'><strong><em>τοῖς</em></strong></span> 
     </span>
     <span class='ocr_line' id='line_1_31' title="bbox 89 3157 1106 3235; baseline 0.002 -19"><span class='ocrx_word' id='word_1_348' title='bbox 89 3162 139 3216; x_wconf 83' lang='grc' dir='ltr'><strong><em>τοῦ</em></strong></span> <span class='ocrx_word' id='word_1_349' title='bbox 158 3165 180 3213; x_wconf 87' lang='grc' dir='ltr'><em>Α</em></span> <span class='ocrx_word' id='word_1_350' title='bbox 199 3157 270 3230; x_wconf 80' lang='grc' dir='ltr'><strong><em>πρὸς</em></strong></span> <span class='ocrx_word' id='word_1_351' title='bbox 287 3159 337 3216; x_wconf 83' lang='grc' dir='ltr'><strong><em>τὸν</em></strong></span> <span class='ocrx_word' id='word_1_352' title='bbox 356 3166 378 3215; x_wconf 93' lang='grc' dir='ltr'><strong>Β</strong></span> <span class='ocrx_word' id='word_1_353' title='bbox 398 3162 447 3216; x_wconf 78' lang='grc' dir='ltr'><strong><em>καὶ</em></strong></span> <span class='ocrx_word' id='word_1_354' title='bbox 470 3165 521 3216; x_wconf 77' lang='grc' dir='ltr'><strong><em>τοῦ</em></strong></span> <span class='ocrx_word' id='word_1_355' title='bbox 546 3165 573 3215; x_wconf 90' lang='grc' dir='ltr'>Γ</span> <span class='ocrx_word' id='word_1_356' title='bbox 593 3159 664 3232; x_wconf 83' lang='grc' dir='ltr'><strong><em>πρὸς</em></strong></span> <span class='ocrx_word' id='word_1_357' title='bbox 687 3158 738 3216; x_wconf 82' lang='grc' dir='ltr'><strong><em>τὸν</em></strong></span> <span class='ocrx_word' id='word_1_358' title='bbox 762 3169 788 3217; x_wconf 94' lang='lat' dir='ltr'><em>A</em></span> <span class='ocrx_word' id='word_1_359' title='bbox 811 3165 861 3218; x_wconf 78' lang='grc' dir='ltr'><strong><em>καὶ</em></strong></span> <span class='ocrx_word' id='word_1_360' title='bbox 885 3162 927 3218; x_wconf 77' lang='grc' dir='ltr'><strong><em>ἔτι</em></strong></span> <span class='ocrx_word' id='word_1_361' title='bbox 951 3167 1048 3234; x_wconf 79' lang='lat' dir='ltr'>(supra</span> <span class='ocrx_word' id='word_1_362' title='bbox 1068 3167 1106 3235; x_wconf 90' lang='lat' dir='ltr'><strong><em>V)</em></strong></span> 
     </span>
     <span class='ocr_line' id='line_1_32' title="bbox 89 3227 1106 3303; baseline 0.006 -17"><span class='ocrx_word' id='word_1_363' title='bbox 89 3233 139 3287; x_wconf 83' lang='grc' dir='ltr'><strong><em>τοῦ</em></strong></span> <span class='ocrx_word' id='word_1_364' title='bbox 159 3235 184 3286; x_wconf 92' lang='grc' dir='ltr'><em>Ε</em></span> <span class='ocrx_word' id='word_1_365' title='bbox 203 3227 274 3300; x_wconf 85' lang='grc' dir='ltr'><strong><em>πρὸς</em></strong></span> <span class='ocrx_word' id='word_1_366' title='bbox 291 3228 342 3287; x_wconf 83' lang='grc' dir='ltr'><strong><em>τὸν</em></strong></span> <span class='ocrx_word' id='word_1_367' title='bbox 361 3237 382 3285; x_wconf 90' lang='grc' dir='ltr'>Ζ</span> <span class='ocrx_word' id='word_1_368' title='bbox 401 3228 510 3301; x_wconf 73' lang='grc' dir='ltr'><strong><em>λόγοις,</em></strong></span> <span class='ocrx_word' id='word_1_369' title='bbox 533 3232 610 3286; x_wconf 83' lang='lat' dir='ltr'><strong>idem</strong></span> <span class='ocrx_word' id='word_1_370' title='bbox 628 3233 651 3287; x_wconf 93' lang='grc' dir='ltr'><strong>Β</strong></span> <span class='ocrx_word' id='word_1_371' title='bbox 670 3251 726 3303; x_wconf 83' lang='lat' dir='ltr'><strong><em>mg.</em></strong></span> <span class='ocrx_word' id='word_1_372' title='bbox 746 3253 782 3288; x_wconf 90' lang='lat' dir='ltr'><strong><em>m.</em></strong></span> <span class='ocrx_word' id='word_1_373' title='bbox 803 3242 818 3290; x_wconf 85' lang='lat'><strong>2</strong></span> <span class='ocrx_word' id='word_1_374' title='bbox 839 3252 893 3290; x_wconf 90' lang='lat' dir='ltr'><strong><em>om.</em></strong></span> <span class='ocrx_word' id='word_1_375' title='bbox 920 3233 985 3302; x_wconf 76' lang='grc' dir='ltr'><strong><em>ἑξῆς</em></strong></span> <span class='ocrx_word' id='word_1_376' title='bbox 1003 3239 1032 3290; x_wconf 76' lang='lat' dir='ltr'><strong><em>et</em></strong></span> <span class='ocrx_word' id='word_1_377' title='bbox 1053 3236 1106 3293; x_wconf 81' lang='grc' dir='ltr'><strong><em>ἔτι.</em></strong></span> 
     </span>
     <span class='ocr_line' id='line_1_33' title="bbox 91 3299 1105 3379; baseline 0.004 -21"><span class='ocrx_word' id='word_1_378' title='bbox 91 3309 131 3358; x_wconf 82' lang='grc'>17,</span> <span class='ocrx_word' id='word_1_379' title='bbox 153 3299 205 3375; x_wconf 83' lang='grc' dir='ltr'><strong><em>ὡς]</em></strong></span> <span class='ocrx_word' id='word_1_380' title='bbox 228 3321 312 3372; x_wconf 75' lang='lat' dir='ltr'>supra</span> <span class='ocrx_word' id='word_1_381' title='bbox 330 3322 366 3358; x_wconf 89' lang='lat' dir='ltr'><strong><em>m.</em></strong></span> <span class='ocrx_word' id='word_1_382' title='bbox 387 3311 402 3357; x_wconf 88' lang='grc'><strong>2</strong></span> <span class='ocrx_word' id='word_1_383' title='bbox 421 3303 455 3357; x_wconf 87' lang='lat' dir='ltr'><strong><em>V.</em></strong></span> <span class='ocrx_word' id='word_1_384' title='bbox 542 3304 588 3374; x_wconf 93' lang='lat' dir='ltr'><strong><em>N]</em></strong></span> <span class='ocrx_word' id='word_1_385' title='bbox 610 3307 641 3358; x_wconf 89' lang='lat' dir='ltr'><em>H</em></span> <span class='ocrx_word' id='word_1_386' title='bbox 657 3325 686 3373; x_wconf 87' lang='grc' dir='ltr'><strong><em>φ.</em></strong></span> <span class='ocrx_word' id='word_1_387' title='bbox 771 3311 812 3359; x_wconf 91' lang='grc'><strong><em>18.</em></strong></span> <span class='ocrx_word' id='word_1_388' title='bbox 838 3304 868 3359; x_wconf 80' lang='grc' dir='ltr'><strong><em>οἷ</em></strong></span> <span class='ocrx_word' id='word_1_389' title='bbox 890 3305 923 3361; x_wconf 74' lang='grc' dir='ltr'><strong><em>δὲ</em></strong></span> <span class='ocrx_word' id='word_1_390' title='bbox 947 3301 1105 3379; x_wconf 74' lang='grc' dir='ltr'><strong><em>ἐλάχιστοί]</em></strong></span> 
     </span>
     <span class='ocr_line' id='line_1_34' title="bbox 90 3371 1105 3446; baseline 0.005 -17"><span class='ocrx_word' id='word_1_391' title='bbox 90 3391 142 3429; x_wconf 88' lang='lat' dir='ltr'><strong><em>om.</em></strong></span> <span class='ocrx_word' id='word_1_392' title='bbox 163 3374 193 3427; x_wconf 88' lang='lat' dir='ltr'><strong><em>P.</em></strong></span> <span class='ocrx_word' id='word_1_393' title='bbox 231 3373 462 3444; x_wconf 67' lang='grc' dir='ltr'><strong><em>μετροῦσιυ·17φ.</em></strong></span> <span class='ocrx_word' id='word_1_394' title='bbox 518 3381 561 3430; x_wconf 86' lang='grc'><strong><em>20.</em></strong></span> <span class='ocrx_word' id='word_1_395' title='bbox 582 3371 704 3430; x_wconf 75' lang='grc' dir='ltr'><strong><em>ἐλάττων</em></strong></span> <span class='ocrx_word' id='word_1_396' title='bbox 722 3372 773 3430; x_wconf 82' lang='grc' dir='ltr'><strong><em>τὸυ</em></strong></span> <span class='ocrx_word' id='word_1_397' title='bbox 789 3371 925 3431; x_wconf 73' lang='grc' dir='ltr'><strong><em>ἐλάττονα</em></strong></span> <span class='ocrx_word' id='word_1_398' title='bbox 939 3377 1001 3446; x_wconf 64' lang='lat' dir='ltr'><strong><em>ch.</em></strong></span> <span class='ocrx_word' id='word_1_399' title='bbox 1059 3386 1105 3435; x_wconf 90' lang='grc'><strong><em>21.</em></strong></span> 
     </span>
     <span class='ocr_line' id='line_1_35' title="bbox 86 3439 575 3517; baseline 0 -17"><span class='ocrx_word' id='word_1_400' title='bbox 86 3447 132 3516; x_wconf 81' lang='grc' dir='ltr'><strong><em>τε]</em></strong></span> <span class='ocrx_word' id='word_1_401' title='bbox 151 3462 204 3499; x_wconf 87' lang='lat' dir='ltr'><strong><em>om.</em></strong></span> <span class='ocrx_word' id='word_1_402' title='bbox 224 3445 254 3499; x_wconf 89' lang='lat' dir='ltr'><strong><em>P.</em></strong></span> <span class='ocrx_word' id='word_1_403' title='bbox 330 3450 373 3500; x_wconf 89' lang='grc'><strong><em>22.</em></strong></span> <span class='ocrx_word' id='word_1_404' title='bbox 394 3439 463 3517; x_wconf 81' lang='grc' dir='ltr'><strong><em>ἄρα]</em></strong></span> <span class='ocrx_word' id='word_1_405' title='bbox 485 3443 526 3499; x_wconf 75' lang='grc' dir='ltr'><strong><em>ἔτι</em></strong></span> <span class='ocrx_word' id='word_1_406' title='bbox 544 3466 575 3515; x_wconf 86' lang='grc' dir='ltr'><strong><em>φ.</em></strong></span> 
     </span>
    </p>
   </div>
   <div class='ocr_carea' id='block_1_5' title="bbox 0 0 1178 3818">
    <p class='ocr_par' dir='ltr' id='par_1_5' title="bbox 0 0 1178 3818">
     <span class='ocr_line' id='line_1_36' title="bbox 0 0 1178 3818; baseline 0 0"><span class='ocrx_word' id='word_1_407' title='bbox 0 0 1178 3818; x_wconf 95' lang='lat' dir='ltr'><strong><em> </em></strong></span> 
     </span>
    </p>
   </div>
  </div>
 </body>
</html>
