2348 3818
352 141 627 193 mnnnnnonnn
644 142 754 193 nmnn
771 142 818 194 1x.
1029 140 1094 206 369

80 282 144 347 ulli
167 303 374 346 numerorum
396 289 437 365 A,
455 287 493 365 B,
510 286 543 348 Γ
562 283 705 367 aequalis
730 284 781 348 sit.
818 282 1027 348 manifestum
1046 289 1096 349 est

81 389 193 472 igitur,
217 392 249 452 E
268 388 409 473 primum
431 409 498 452 non
521 409 600 454 esse.
643 409 721 453 nom
745 389 772 454 si
791 393 823 453 Ε
842 390 968 474 primus
991 393 1041 455 est
1061 393 1095 456 et

80 514 254 558 numerum
268 498 303 557 A
321 494 463 576 metitur,
481 494 579 557 etiam
593 514 764 557 numerum
778 500 811 557 A
824 495 977 559 metietur
991 497 1095 581 [prop.

80 598 174 682 XII],
200 597 255 682 qui
276 597 402 683 primus
427 599 488 680 est,
511 618 707 681 quamquam
731 599 761 663 ei
784 599 928 683 aequalis
946 621 1013 665 non
1032 604 1095 684 est3

79 705 169 791 quod
187 705 258 769 fieri
275 724 343 768 non
360 707 478 789 potest.
510 704 621 787 itaque
639 707 671 767 E
687 703 811 787 primus
830 726 897 769 non
916 707 975 769 est.
1007 726 1093 770 oom-

79 812 211 897 positus
232 811 343 895 igitur.
383 810 530 895 quemuis
553 815 663 875 autem
686 831 856 875 numerum
879 813 1095 894 compositum

80 917 209 1004 primus
246 916 362 1000 aliquis
397 937 550 980 numerus
588 917 721 981 metitur
751 913 844 1000 wll,
870 917 936 996 32].
985 916 1094 1001 itaque

78 1044 253 1089 nnmerum
285 1027 317 1087 E
344 1023 468 1106 primus
501 1022 618 1103 aliquis
645 1044 797 1088 numerus
826 1022 967 1086 metitur.
1012 1021 1094 1104 dico,

79 1129 207 1195 nullum
240 1130 341 1194 alium
368 1133 400 1192 Ε
429 1149 598 1193 nnmerum
630 1128 737 1192 metiri
769 1131 899 1210 praeter
931 1132 972 1193 A.
1016 1148 1094 1190 nam

77 1236 110 1301 si
148 1235 231 1300 alius
266 1256 437 1300 numerum
470 1238 500 1298 E
535 1233 680 1316 metitur,
718 1237 751 1297 E
780 1238 889 1298 autem
921 1254 1094 1298 numerum

80 1346 117 1411 A
145 1341 289 1423 metitur,
315 1341 369 1404 ille
392 1360 518 1423 quoqne
541 1359 711 1403 numerum
733 1343 768 1402 A
791 1320 949 1403 metietur.
994 1359 1093 1422 quare

78 1446 184 1511 otiam
213 1466 382 1510 numerum
410 1450 443 1510 A
473 1445 639 1526 metietur,
669 1445 725 1528 qui
754 1446 876 1527 primus
907 1449 958 1510 est
989 1445 1094 1528 [prop.

78 1550 173 1634 XII],
206 1571 401 1635 quamquam
434 1550 463 1614 ei
496 1549 641 1633 aequalis
672 1570 739 1614 non
771 1547 867 1634 est¹);
906 1551 991 1633 qnod
1023 1550 1092 1614 fieri

76 1677 149 1722 non
174 1660 291 1740 potest
335 1657 446 1740 itaque
469 1660 501 1718 A
527 1675 698 1719 numerum
721 1658 753 1718 Ε
773 1655 915 1719 motitur.
960 1658 993 1718 et
1015 1675 1092 1737 quo·

79 1763 171 1827 niam
202 1767 235 1827 Ε
266 1783 436 1826 numerum
467 1765 501 1824 A
532 1760 677 1843 metitur,
713 1759 888 1825 secundum
921 1761 949 1821 Z
979 1759 1093 1822 metia-

78 1875 145 1932 tur.
181 1867 262 1954 dieo,
285 1872 313 1932 Z
334 1869 416 1932 nulli
438 1888 648 1932 numerorum
661 1873 703 1949 A,
721 1870 760 1950 B,
777 1868 810 1930 Γ
825 1864 993 1947 aequalem
1013 1885 1091 1929 esse.

80 1994 160 2037 nam
183 1974 210 2038 si
233 1979 261 2038 Z
285 1973 383 2040 alicui
405 1994 614 2037 numerorum
634 1976 675 2054 A,
698 1975 736 2052 B,
759 1973 790 2034 Γ
810 1968 953 2053 aequalis
977 1970 1036 2050 est,
1059 1971 1092 2032 et

78 2100 253 2143 nnmerum
276 2083 310 2142 A
336 2078 511 2143 secundum
534 2081 566 2139 Ε
591 2076 737 2157 metitur,
766 2073 864 2139 etiam
894 2074 1010 2159 aliquis
1032 2096 1091 2139 nu-

80 2205 247 2249 merorum
268 2189 314 2266 A,
336 2187 379 2267 B,
402 2185 435 2247 Γ
453 2202 622 2246 numerum
644 2185 679 2244 A
702 2179 876 2245 secundum
899 2184 931 2242 Ε
952 2181 1092 2246 metitur.

81 2310 196 2355 uerum
219 2289 326 2373 quiuis
349 2308 558 2352 numerorum
575 2291 617 2370 A,
629 2289 668 2370 B,
683 2287 715 2349 Γ
733 2306 903 2350 numerum
927 2290 960 2349 A
983 2305 1092 2349 seeun-

80 2393 160 2459 dum
184 2394 324 2478 aliquem
345 2412 552 2457 nnmerorum
571 2397 613 2475 A,
634 2394 674 2475 B,
696 2392 729 2454 Γ
746 2391 878 2455 metitur
902 2391 1008 2473 [prop.
1021 2388 1092 2470 XI].

35 2564 38 2577 ,
79 2520 182 2585 quare
199 2504 231 2562 Ε
252 2497 349 2563 alieni
371 2518 579 2561 numerorum
593 2501 634 2578 A,
647 2499 686 2579 B,
700 2497 733 2559 Γ
750 2495 895 2579 aequalis
919 2497 982 2576 est,
1006 2494 1092 2577 quod

35 2588 39 2621 ²
82 2608 133 2668 est
155 2607 268 2668 contra
290 2601 510 2688 hypothesim.
555 2621 632 2686 ergo
655 2605 684 2664 Z
711 2587 793 2664 nulli
820 2618 1027 2664 numerorum
1050 2605 1091 2681 A,

37 2778 42 2793 ¹
78 2712 125 2792 B,
149 2710 181 2773 Γ
200 2708 345 2791 aequalis
369 2711 426 2772 est.
472 2707 620 2771 similiter
643 2705 952 2788 demonstrabimus,
979 2724 1092 2768 nume-

80 2836 154 2879 rum
177 2818 210 2878 A
231 2834 400 2878 numerum
419 2816 447 2875 Z
470 2812 587 2895 metiri,
608 2833 720 2876 rursus
743 2811 1011 2894 demonstrantes,
1034 2831 1090 2875 nn·

79 2941 206 2985 merum
228 2923 257 2982 Z
283 2919 424 3002 primum
451 2939 519 2983 non
546 2939 624 2983 esse.
669 2939 745 2981 nam
774 2917 802 2980 si
828 2916 952 3000 primus
980 2920 1031 2980 est
1058 2921 1091 2981 et

79 3044 252 3089 nnmerum
280 3028 313 3087 A
336 3023 481 3106 metitur,
512 3021 610 3087 etiam
637 3028 669 3085 A
696 3021 847 3085 metietur
875 3021 1090 3106 [prop.‚XII],

35 3128 37 3155 ²
79 3130 138 3213 qui
160 3131 284 3212 primus
308 3130 368 3211 est,
391 3149 587 3211 quamquam
610 3127 640 3190 ei
663 3127 805 3211 aequalis
828 3149 895 3192 non
917 3132 980 3211 est3
1005 3129 1089 3212 quod

153 3301 179 3369 1)
198 3299 271 3354 Nam
290 3301 313 3354 si
330 3315 463 3354 numerus
481 3315 610 3353 numeros
628 3301 666 3366 E,
686 3305 711 3354 A
730 3299 848 3356 metiens
862 3299 947 3356 alicui
960 3315 1088 3356 numero·

77 3389 142 3427 rum
160 3375 196 3437 A,
216 3375 252 3439 B,
272 3375 299 3424 Γ
314 3370 440 3439 aequalis
464 3371 550 3438 esset,
574 3373 713 3425 constaret
735 3370 917 3442 propositum.
954 3371 1028 3424 idom
1053 3369 1088 3421 do

75 3459 104 3512 p.
125 3448 192 3508 370,
212 3445 228 3493 8
247 3440 404 3495 dicendum.

131 3538 280 3588 Euclides,
297 3539 346 3579 edd.
361 3539 461 3589 Heiberg
475 3543 498 3580 et
512 3539 603 3590 Menas.
628 3538 664 3580 11.
907 3532 951 3578 ‘m

1155 3568 1171 3621 ,Ἴ
