2348 3818
103 141 169 208 390
476 140 677 194 ενοιεειωω
695 135 739 194 ε’.

103 288 187 352 ἔστω
216 280 381 371 πρότερον
409 284 553 369 πρῶτος·
586 281 765 369 εὑρημένοι
797 277 864 369 ὅροι
895 279 962 347 εἰσὶ
994 282 1126 367 πρῶτοι

104 387 246 477 ἀριθμοὶ
271 391 307 456 οἱ
327 397 376 475 A,
397 396 441 475 Β,
461 395 503 474 Γ,
522 395 584 456 ΒΖ
607 393 742 466 πλείους
764 390 833 455 τῶν
855 396 904 471 A,
922 394 968 472 Β,
987 391 1026 455 Γ.

167 493 265 562 Ἀλλὸι
299 492 340 582 δὴ
376 493 421 582 μὴ
455 500 538 563 ἔστω
572 494 591 563 6
620 502 683 562 ΕΖ
709 496 853 581 πρῶτος·
885 490 952 560 ῦπὸ
984 491 1125 581 πρώτου

103 597 169 688 ὅροι
195 599 289 681 τινὸς
315 599 467 690 ιἰριθμοῦ
498 614 672 690 μετρεῖται.
722 603 908 687 μετρείσθω
935 596 1003 667 ὑπὸ
1033 598 1125 690 πριὸ-

68 717 164 774 δτου
186 711 248 776 τοῦ
270 715 318 776 Η·
341 709 439 795 λε’μω,
463 705 515 777 ὅτι
539 704 557 775 ὁ
581 714 621 775 Η
639 703 755 775 οὐθενὶ
774 709 841 774 τῶν
860 714 902 791 A,
921 713 963 792 Β,
981 712 1016 774 Γ
1032 709 1124 775 ἐστιν

104 809 123 881 6
147 810 257 894 αῦτός.
298 819 330 883 ελ
350 817 414 904 μὰρ
439 813 603 899 δυνατόν,
633 818 727 882 ἔστω.
767 817 803 882 ολ
818 811 856 880 ὁὸ
879 820 926 897 A,
945 821 990 898 Β,
1010 819 1046 880 Γ
1062 811 1123 882 τὸν

104 926 176 987 ΔΕ
209 926 402 1011 μετροῦσιν·
440 922 496 989 κοιλ
534 918 552 990 ὁ
584 926 624 987 Η
651 917 717 1008 ῦροι
752 918 813 988 τὸν
851 926 920 987 ΑΒ
954 918 1122 1007 μετρήσει.

103 1041 216 1114 μετρεῖ
243 1027 280 1097 66
307 1028 363 1096 κοιλ
390 1026 451 1096 τὸν
479 1035 555 1096 ΒΖ·
583 1027 641 1094 καὶ
666 1026 789 1113 λοιπὴν
811 1023 874 1112 τὴν
897 1032 964 1092 ΔΖ
986 1028 1122 1113 μονολὸα

103 1131 295 1220 μετρήσειὸ
319 1141 359 1202 Η
377 1131 523 1222 ιἰριθμὸς
546 1132 608 1203 ὅν·
636 1131 718 1222 ὅπερ
742 1130 878 1201 ῦτοπον.
917 1129 979 1201 οῦκ
1005 1131 1074 1222 ὅροι
1102 1129 1118 1201 ὁ

53 1249 87 1298 10
105 1244 145 1305 H
169 1238 221 1306 ἑνὶ
248 1243 317 1308 τῶν
345 1249 392 1326 A,
410 1249 456 1326 Β,
474 1245 507 1307 Γ
535 1242 626 1309 ἐστιν
653 1240 672 1309 6
704 1236 815 1319 οιῦτός.
858 1239 914 1307 καὶ
945 1237 1137 1308 ὑπόκειται

103 1347 241 1429 πρῶτος.
276 1344 455 1434 εὑρημένοι
483 1344 549 1435 ὅροι
577 1345 642 1414 ελσὶ
669 1349 796 1433 πρῶτοι
819 1344 961 1433 ἀριθμοὶ
984 1351 1121 1426 πλείους

102 1454 164 1517 τοῦ
187 1453 410 1538 προτεθέντος
431 1451 584 1540 πλήθους
606 1456 674 1522 τῶν
698 1460 745 1538 A,
768 1459 811 1537 Β,
835 1458 868 1519 Γ
891 1453 927 1519 ολ
947 1460 993 1538 A,
1016 1460 1062 1539 B,
1081 1459 1119 1538 Γ,

104 1560 154 1621 Η·
178 1553 259 1644 ὅπερ
283 1561 350 1626 ἔθει
375 1560 490 1641 cereae.
612 1627 615 1632 .

574 1745 640 1786 κοι.

52 1848 85 1898 15
169 1820 257 1891 Ἐὰν
276 1823 406 1912 ἄρτιοι
426 1822 591 1912 ἀριθμοὶ
611 1822 830 1893 ὁποσοιοῦν
849 1829 1121 1911 συντεθῶσιν,

105 1925 123 1996 ὁ
148 1929 240 2009 ὅλος
263 1928 398 2017 ὅρτιός
422 1934 537 2000 ἐστιν.

171 2042 441 2122 Συγκείσθωσαν
469 2037 533 2124 γὰρ
564 2038 674 2127 ἄρτιοι
697 2035 839 2126 ἀριθμοὶ
867 2034 1056 2105 ὁποσοιοῦν
1091 2041 1124 2106 οἱ

104 2148 184 2226 ΑΒ,
211 2148 288 2229 ΒΓ,
313 2149 389 2229 ΓΔ,
414 2151 495 2211 ΔΕ·
527 2144 629 2232 λέγω,
662 2143 713 2213 ὅτι
746 2145 824 2225 ὅλος
854 2141 872 2210 ὁ
905 2151 974 2211 ΑΕ
1005 2143 1121 2231 ἄρτιός

105 2250 204 2316 ἐστιν.

51 2378 86 2428 20
169 2351 257 2421 Ἐπεὶ
280 2352 344 2442 μὰρ
368 2356 504 2436 ἕκαστος
526 2359 595 2424 τῶν
618 2365 699 2442 AB,
718 2363 796 2443 ΒΓ,
820 2363 897 2442 ΓΛ,
917 2363 988 2423 ΔΕ
1004 2353 1121 2445 ἄρτιός

105 2462 210 2545 ἐστιν,
239 2463 304 2547 ἔχει
332 2461 432 2547 μέρος
458 2462 575 2548 ἥμισυ·
609 2463 693 2531 οὸστε
720 2462 777 2530 καὶ
806 2460 883 2542 ὅλος
911 2459 929 2528 ὁ
959 2470 1028 2530 AE
1056 2469 1122 2550 ἔχει

104 2568 204 2655 μέρος
231 2566 344 2654 ἥμισυ.
390 2566 503 2653 ὅρτιος
532 2567 569 2636 ὁὸ
597 2565 744 2657 ἀριθμός
771 2571 861 2637 ἐστιν
885 2565 902 2635 6
932 2572 1009 2655 ὁίχοι
1034 2573 1122 2637 ὁιοιι-

105 2673 281 2760 ρούμενος·
310 2672 424 2762 ἄρτιος
447 2673 513 2762 ὅροι
537 2674 628 2743 ἐστὶν
652 2672 670 2742 6
695 2681 773 2742 AE·
802 2672 884 2761 ὅπερ
907 2679 975 2742 ἔθει
1004 2677 1121 2757 δεῖξαι.

177 2839 201 2887 1.
222 2833 312 2902 Supra
335 2834 445 2899 πρῶτος
467 2834 531 2890 add.
560 2829 578 2902 ἡ
602 2837 654 2888 ΕΖ
676 2852 710 2887 m,
741 2850 795 2888 reo.
819 2833 852 2890 V.
890 2831 960 2888 εἰσίν
983 2834 1018 2903 Ρ,
1049 2834 1123 2890 εἰσὶν

95 2900 134 2957 «οἱ
151 2921 177 2973 q.
232 2910 256 2959 2.
272 2898 409 2976 ἀριθμοί]
425 2921 479 2961 om.
497 2905 526 2959 F.
583 2905 622 2975 Γ]
643 2905 742 2974 (prius)
759 2908 809 2958 ΓΔ
824 2903 964 2971 F‚Adel.
981 2923 1018 2960 m.
1032 2912 1057 2961 1.
1096 2913 1122 2961 6.

97 2970 242 3042 θννιιτὸν,
267 2971 353 3045 ἔστω]
378 2969 392 3029 6
418 2979 448 3029 Η
471 2971 515 3031 ἓνλ
536 2975 592 3030 τῶν
615 2979 654 3044 A,
673 2980 708 3043 Β,
728 2978 755 3028 Γ
776 2972 851 3030 ἐστιν
874 2970 890 3028 ὁ
914 2970 1002 3037 αῦτός
1020 2976 1124 3032 Theon

104 3043 240 3113 (BFVq).
315 3051 339 3100 7.
359 3050 415 3101 ΔΕ
452 3050 504 3101 ΖΕ
522 3047 552 3101 F.
590 3047 722 3115 μετροῦσι
739 3047 853 3115 BFVq.
927 3047 1000 3117 ΔΕ]
1022 3049 1122 3105 ΖΕΓ.

104 3119 129 3169 8.
153 3115 220 3188 καί]
245 3111 389 3170 καὶὸΗ
433 3160 439 3172 .
512 3117 662 3242 ΕΖρῙΔΕ
685 3118 714 3173 F.
789 3112 1122 3187 10,ιιοιι’]ὁοιῦτὸςὸὲ

104 3188 156 3240 ιιοιί
170 3186 202 3242 P.
286 3192 328 3242 11.
348 3186 418 3260 εἰσί]
439 3186 509 3243 εἰσλν
528 3185 558 3243 ολ
601 3230 606 3244 .
694 3183 925 3260 13.Η]Ηῦροι
943 3191 1123 3245 ωωὸθεαε.6

103 3257 157 3312 litt.
177 3257 208 3313 1⁴¹.
290 3263 331 3312 15.
352 3274 551 3329 ‘xvv-supra
570 3276 621 3313 ser.
640 3258 672 3314 B.
756 3265 798 3315 16.
818 3254 879 3312 ἐστί
896 3257 957 3328 Vq,
976 3274 1071 3330 comp.
1091 3261 1122 3317 F.

104 3333 145 3382 17.
165 3324 337 3400 ὁποσοιοῦν]
362 3346 377 3383 e
397 3345 466 3384 corr.
486 3332 519 3386 V.
595 3336 636 3384 18.
660 3330 730 3400 ΒΓ]
755 3329 784 3384 in
807 3347 859 3384 ras.
884 3328 914 3383 P.
990 3332 1064 3402 ΓΔ]
1084 3350 1122 3386 m.

103 3399 172 3456 2V.
245 3405 287 3456 21.
312 3401 378 3472 καί]
405 3417 488 3469 supra
511 3402 564 3457 lac.
588 3417 713 3471 pergam.
732 3418 770 3455 m.
789 3417 844 3456 rec.
862 3400 892 3455 F.
948 3407 1010 3455 λθ.
1030 3397 1047 3456 6
1069 3405 1122 3457 ΑΒ

90 3465 154 3540 ἄρα
172 3465 252 3530 ἐστίν
269 3473 301 3530 Γ.
376 3464 450 3544 ὅπερ
471 3469 531 3528 ἔδει
551 3473 663 3543 δεῖξαιλ
678 3488 734 3526 om.
751 3472 783 3526 B.
