2348 3818
260 146 265 154 ’
348 159 622 233 ununnuronun
641 159 750 210 nmnn
768 159 828 209 vn.
1026 155 1092 221 263

74 328 190 370 uorum
213 306 311 371 etiam
335 306 442 369 totum
465 305 528 368 ΓΛ
547 301 734 365 metiuntur.
780 321 879 384 quare
899 300 997 364 etiam
1020 299 1094 365 reli-

79 431 176 492 quum
204 414 265 477 ΓΖ
293 411 467 476 metientur
494 429 629 473 numero
653 411 685 471 Ε
707 407 882 492 minorem,
910 406 994 491 quod
1023 406 1093 470 fieri

78 537 146 580 non
166 520 283 601 potest.
330 517 442 602 itaque
465 515 535 579 fieri
559 535 626 578 non
649 516 772 597 potest,
800 515 836 575 ut
866 516 898 576 Ε
924 534 1093 577 numerum

77 624 141 685 ΓΛ
168 643 233 687 non
259 623 421 686 metiatur.
468 642 544 706 ergo
572 620 719 700 metitur,
748 617 835 703 quod
863 623 932 684 orat
960 619 1093 685 domon-

80 726 253 793 strandum.

507 847 658 914 XXXVI.

145 957 240 1022 Datis
269 958 372 1022 tribuo
399 956 556 1038 numeris,
589 976 685 1039 quem
714 953 884 1018 minimum
914 954 1092 1019 metiuntur

77 1086 262 1147 numerum,
284 1063 439 1130 inuenire.

574 1147 647 1214 Sint
668 1152 735 1214 tres
758 1149 884 1214 numeri
902 1148 971 1214 dati
991 1154 1032 1230 A,
1051 1153 1091 1230 Β,

506 1259 542 1320 Γ.
593 1259 723 1338 oportet
746 1256 854 1341 igitur,
878 1278 974 1340 quom
997 1257 1092 1321 mini-

506 1383 596 1426 mum
625 1362 803 1426 metiuntur
829 1384 1015 1447 numerum,
1044 1363 1092 1427 in·

504 1468 622 1531 uenire.

572 1577 719 1638 sumatur
755 1575 855 1658 enim,
897 1577 993 1659 quom
1029 1576 1092 1641 duo

504 1680 631 1743 numeri
662 1685 707 1763 A,
732 1684 760 1744 Β
797 1681 966 1744 minimum
1002 1683 1094 1746 meti·

76 1790 190 1869 untur,
223 1791 257 1850 A
294 1788 402 1869 [prop.
429 1783 598 1867 XXXIV].
652 1789 685 1850 Γ
716 1786 818 1870 igitur
853 1808 1024 1852 numerum
1060 1793 1094 1852 A

77 1896 135 1957 aut
154 1893 286 1957 metitur
306 1896 446 1957 autnon
469 1892 612 1956 metitur.
658 1893 812 1958 metiatur
835 1893 935 1976 prius.
980 1916 1093 1959 uerum

77 2000 177 2064 etiam
207 2003 300 2083 A,B
324 2020 495 2063 numerum
518 2004 551 2063 A
574 1999 759 2063 metiuntur.
806 2000 916 2083 itaque
938 2005 984 2082 A,
1003 2004 1045 2083 Β,
1065 2001 1097 2064 Γ

76 2128 248 2172 numerum
281 2111 315 2170 A
346 2106 534 2170 metiuntur.
586 2106 653 2171 iam
685 2105 770 2189 dico,
803 2127 858 2171 eos
889 2126 962 2169 eum
994 2106 1093 2171 etiam

76 2211 260 2276 minimum'
276 2212 395 2277 metiri.
435 2234 511 2276 nam
540 2212 568 2275 si
596 2213 717 2295 minuo,
740 2217 785 2294 A,
805 2215 847 2295 Β,
865 2214 898 2275 Γ
922 2233 1092 2277 numerum

76 2343 217 2384 numero
246 2325 280 2384 A
307 2320 465 2384 minorem
495 2319 676 2382 metientur.
723 2318 900 2382 metiantur
922 2341 1092 2385 numerum

78 2433 118 2491 E.
165 2427 318 2511 quoniam
341 2432 386 2509 A,
405 2431 450 2504 Β,
468 2428 500 2491 Γ
523 2446 694 2489 numerum
718 2429 750 2489 E
775 2425 966 2510 metiuntur,
994 2427 1093 2491 etiam

77 2539 123 2615 A,
151 2538 179 2596 Β
211 2553 382 2596 numerum
411 2536 443 2595 E
472 2532 657 2596 metientur.
712 2552 810 2615 quaro
847 2531 959 2615 etiam,
997 2553 1092 2614 quem

77 2638 250 2702 minimum
291 2638 470 2702 metiuntur
511 2643 555 2720 A,
581 2641 623 2719 B,
659 2658 826 2701 numerum
870 2640 901 2699 E
940 2638 1093 2702 metietur

79 2747 187 2826 [prop.
210 2743 365 2824 XXXV]⁸
417 2765 513 2828 quem
541 2746 650 2807 autem
677 2748 710 2806 A
714 2747 770 2825 ,Β
803 2741 974 2806 minimum
1001 2744 1092 2808 meti-

79 2852 188 2934 untur,
212 2853 262 2914 est
285 2854 326 2914 A.
373 2855 407 2914 A
429 2850 530 2935 igitur
557 2871 729 2913 numerum
757 2853 789 2912 E
814 2849 961 2934 metitur,
988 2851 1092 2916 maior

77 2956 249 3042 minorem3
286 2956 371 3040 quod
402 2956 473 3019 fieri
505 2977 572 3021 non
608 2958 726 3041 potest.
780 2955 890 3041 itaque
923 2963 969 3040 A,
994 2962 1036 3042 Β,
1065 2961 1097 3021 Γ

76 3063 202 3126 nullum
220 3084 391 3126 numerum
409 3083 543 3127 numero
563 3068 596 3125 A
615 3062 774 3126 minorem
792 3063 976 3129 metientur.
1013 3085 1091 3150 ergo

78 3174 124 3250 A,
142 3172 184 3251 Β,
203 3170 236 3231 Γ
253 3188 424 3231 numerum
448 3173 482 3232 A
505 3167 675 3231 minimum
698 3167 887 3233 metiuntur.

144 3294 256 3337 rursus
284 3294 326 3338 ne
354 3274 507 3338 metiatur
533 3277 566 3338 Γ
593 3295 762 3338 numerum
796 3279 842 3358 A,
876 3278 908 3338 et
936 3279 1090 3357 sumatur,

95 1236 193 1274 ι-ι
203 1226 224 1273 A

95 1342 228 1380 1—-1
239 1331 260 1381 B

95 1453 264 1489 i-——i

96 1561 99 1596 ι

96 1667 100 1702 ι
340 1651 378 1703 ιΕ

76 3413 291 3554 uwffsspm.
307 3411 336 3467 P.
409 3419 452 3470 23.
472 3408 657 3484 μετρήσουσιν
676 3415 706 3481 Ρ,
726 3430 815 3483 comp.
829 3431 864 3481 pq
882 3413 1017 3482 perquiret
1029 3414 1098 3475 Vm,

116 3527 121 3538 .
161 3504 175 3551 η
233 3502 292 3552 op.
