2348 3818
502 538 612 612 Liber
640 538 683 611 V.

456 709 732 778 D'efinitiones.

156 839 186 900 1.
209 835 293 900 Pars
317 839 367 900 est
390 836 496 900 minor
513 835 704 921 magnitudo
725 836 869 920 maioris,
894 836 921 899 si
944 837 1100 900 maiorem

82 941 231 1007 metitur.

154 1045 383 1131 2.Mu1tiplex
407 1052 517 1112 autern
542 1048 645 1113 maior
672 1052 723 1112 est
754 1048 907 1128 minoris,
939 1049 968 1113 si
995 1049 1102 1112 minor

83 1175 161 1217 eam
184 1154 326 1218 metitur.

157 1259 187 1322 3.
207 1257 304 1325 Ratio
319 1263 370 1324 est
384 1260 520 1324 duarum
535 1260 680 1325 eiusdem
695 1262 821 1345 generis
832 1260 1095 1346 magnitudinum

84 1356 262 1429 'secundum
287 1366 501 1449 quantitatem
526 1367 691 1450 quaelibet
712 1366 880 1432 habitudo.

156 1472 186 1536 4.
209 1469 384 1536 Rationem
406 1473 492 1536 inter
516 1493 549 1536 se
577 1471 696 1537 habere
724 1471 966 1558 magnitudines
991 1473 1100 1536 dicun·

80 1583 149 1661 tur,
159 1598 242 1661 quae
256 1576 493 1661 multiplicatae
507 1577 614 1642 altera
628 1577 765 1641 alteram
779 1598 933 1660 superare
951 1580 1100 1661 possunt.

152 1683 183 1750 5.
206 1682 245 1747 In
273 1682 386 1747 eadem
418 1684 545 1749 ratione
577 1682 818 1766 magnitudines
851 1703 922 1746 esse
939 1682 1096 1747 dicuntur

81 1789 194 1872 prima
219 1788 259 1853 ad
284 1788 456 1854 secundam
480 1793 513 1855 et
539 1790 639 1854 tertia
663 1789 704 1854 ad
728 1791 892 1873 quartam,
921 1789 949 1853 si
976 1788 1100 1873 primae

83 1900 118 1960 et
135 1894 254 1959 tertiae
273 1916 375 1979 aeque
395 1896 594 1980 multiplices
618 1895 776 1960 secundae
795 1899 829 1960 et
843 1900 978 1979 quartae
999 1916 1099 1978 aeque

82 2000 283 2084 multiplices
316 2005 373 2066 aut
405 2001 501 2065 simul
536 2004 692 2085 superant
724 2005 780 2066 aut
818 2002 914 2066 simul
947 2001 1098 2085 aequales
1144 1984 1148 1989 ¹

83 2109 163 2171 sunt
190 2111 246 2172 aut
276 2108 372 2172 simul
400 2107 542 2172 minores
573 2110 650 2171 sunt
678 2128 736 2171 suo
765 2105 910 2192 ordine1)
939 2112 1099 2191 sumptae.

36 2204 41 2210 ’
153 2192 184 2277 6⁸.
206 2211 450 2297 Magnitudines
470 2216 578 2276 autem
601 2214 737 2278 eandem
756 2213 916 2278 rationem
937 2213 1095 2278 habentes

83 2317 346 2402 proportionales
369 2322 536 2383 uooentur.

158 2477 184 2544 1)
202 2476 263 2530 Hoc
273 2475 328 2530 est:
347 2474 388 2528 ita
402 2473 748 2543 utconiunganturprima
758 2473 905 2541 secundae,
918 2474 1096 2542 tertiaquar-

80 2548 132 2601 tae
144 2547 173 2599 et
185 2545 357 2616 respondeat
368 2544 432 2600 loeo
447 2547 476 2599 et
490 2545 585 2599 ordine
599 2544 691 2613 prima
709 2544 820 2611 tertiae,
836 2544 958 2599 secunda
972 2548 1098 2612 quartae,

81 2653 183 2720 itaque
206 2652 231 2705 si
250 2606 420 2755 Ma{Nc
440 2652 469 2704 et
491 2649 575 2703 simul
601 2605 786 2752 Meg-Nil,
811 2649 865 2704 erit
888 2649 1098 2707 a2b==czct

81 2757 134 2812 cfr.
154 2757 278 2813 Hankel:
298 2758 352 2810 Zur
370 2755 471 2811 Gesch.
490 2756 539 2809 der
556 2755 723 2811 Mathemat.
740 2776 767 2827 p.
788 2762 848 2810 390.

79 2901 98 2935 v
119 2896 204 2951 supra
217 2899 254 2937 m.
270 2887 284 2934 1
299 2881 330 2936 P.
403 2886 429 2934 9.
447 2874 609 2949 ὑπερέχειν]
630 2897 687 2933 -ειν
706 2878 735 2932 in
752 2894 806 2933 ras.
825 2877 858 2933 V.
934 2886 975 2934 14.
994 2884 1097 2935 πολλα-

79 2952 267 3022 πλασιασμῶν
284 2953 321 3018 Ρ,
340 2967 408 3006 corr.
427 2966 464 3004 m.
486 2956 510 3004 1.
583 2955 625 3004 15.
644 2944 777 3018 ὑπερέχει
796 2949 826 3003 Β.
906 2940 936 3020 ᾖ]
958 2967 1042 3020 supra
1059 2970 1097 3008 m.

83 3021 151 3078 lF.
225 3016 346 3076 ἐλλείπει
367 3021 399 3075 B:
472 3018 634 3090 ληφθέντα]
658 3041 700 3088 -η-
724 3036 739 3073 e
764 3036 833 3075 corr.
857 3037 894 3076 m.
920 3019 989 3074 2V.
1025 3020 1096 3076 Deff.

80 3100 153 3148 6-7
168 3092 342 3162 permutauit
353 3093 388 3157 P;
407 3093 440 3145 ut
452 3107 504 3145 nos
523 3089 643 3159 BFVp‚
662 3089 832 3159 Campanum
852 3105 886 3143 er
900 3088 1012 3145 Herone
1025 3091 1098 3144 nihil

79 3163 215 3220 concludi
237 3165 344 3248 potest3
373 3179 436 3217 oum
464 3160 550 3216 etiam
579 3160 633 3215 def.
662 3166 731 3216 8-9
760 3163 826 3215 ante
855 3159 909 3213 def.
938 3166 953 3213 7
983 3159 1096 3218 habeat.

118 3241 162 3288 17.
183 3231 285 3303 ἔχοντα
311 3237 395 3302 λογον
418 3230 541 3302 μεγέθη]
564 3228 649 3299 λόγον
673 3228 774 3299 ἔχοντα
798 3228 913 3301 μεγέθη
933 3229 973 3295 Vq
998 3229 1107 3308 {quatu

78 3303 195 3376 μεγέθη
209 3301 295 3373 λόγον
308 3302 342 3361 V.
415 3298 570 3376 ἀνάλογοι]
591 3297 677 3375 λόγον
697 3295 844 3375 ἀνάλογον
862 3301 937 3373 post
951 3316 1015 3354 ras.
1028 3296 1119 3351 'luds

77 3377 111 3430 in
130 3392 188 3443 mg.
208 3373 309 3428 transit
323 3393 360 3428 m.
381 3373 447 3430 ΒΡ,
637 3369 649 3385 ’

947 3453 991 3510 ᾗ
