2348 3818
101 141 167 207 386
474 139 676 191 mmmm
693 133 738 194 ε’.

102 281 276 370 ἀλλήλους.
319 281 421 367 λέγω,
451 279 503 348 ὅτι
529 278 585 346 καὶ
614 276 721 357 οὕτως
743 275 915 347 άδύνατόν
945 281 1039 347 ἐστιν
1063 276 1119 347 αὐ-

101 403 172 468 τοῖς
193 389 351 475 τέταρτον
374 382 545 472 άνάλομον
568 397 777 474 προσευρεῖν.
814 388 845 452 εἰ
866 383 933 474 γάρ
957 385 1118 469 δυνατόν,
1162 387 1166 409 “

102 492 352 583 προσευρήσθω
376 489 394 562 6
418 499 469 577 A,
493 491 578 560 ὥστε
597 488 685 559 εἶναι
705 489 750 571 ως
767 489 829 560 τὸν
846 499 879 558 A
896 491 985 579 πρὸς
1004 489 1065 559 τὸν
1084 499 1121 576 Β,

101 599 162 668 τὸν
191 605 223 666 Γ
246 621 330 687 προς
356 596 417 666 τὸν
441 606 490 683 A,
517 598 573 666 καὶ
600 598 765 685 γεγονέτω
790 595 834 678 ὡς
857 595 874 666 6
899 605 929 664 Β
951 595 1040 685 πρὸς
1062 595 1120 664 τὸν

67 712 146 791 σΓ,
179 702 197 773 6
230 712 264 772 A
295 702 379 792 πρὸς
405 703 466 772 τὸν
493 711 531 773 Ε.
576 703 633 771 καὶ
660 706 734 772 ἐπεί
759 706 849 772 ἐστιν
877 701 921 784 ὥς
948 704 1012 790 μὲν
1041 700 1060 772 6
1093 712 1121 770 A

102 809 188 899 πρὸς
210 808 270 878 τὸν
294 817 336 897 Β,
360 806 378 877 6
404 815 436 876 Γ
452 799 536 897 πρὸς
558 809 620 879 τὸν
643 818 692 896 A,
723 808 768 891 ὥς
792 809 830 878 66
853 807 871 879 6
897 817 925 877 Β
947 808 1035 899 πρὸς
1062 807 1120 878 τὸν

103 923 146 1001 Γ,
171 914 189 984 6
213 923 247 983 Δ
268 914 352 1003 πρὸς
374 913 435 983 τὸν
457 923 503 1001 Ε,
528 914 573 983 δι’
600 924 677 984 ἴσον
700 913 766 1004 άρα
789 912 834 995 ὡς
857 912 876 985 6
899 923 933 982 A
953 914 1042 1003 πρὸς
1061 914 1119 982 τὸν

104 1029 140 1109 Γ,
164 1018 182 1090 6
207 1028 239 1090 Γ
257 1019 341 1110 πρὸς
363 1021 423 1089 τὸν
447 1029 484 1090 Β.
523 1024 559 1090 οἱ
579 1021 617 1090 66
640 1031 683 1108 A,
701 1028 734 1090 Γ
752 1026 893 1111 πρῶτοι,
918 1024 953 1089 οἱ
976 1021 1014 1089 66
1038 1025 1120 1108 πρω-

103 1153 157 1196 τοι
178 1128 234 1196 καὶ
258 1127 440 1214 ἐλάχιστοι,
464 1130 500 1195 oc
520 1127 558 1196 66
581 1129 748 1215 ἐλάχιστοι
770 1130 930 1216 μετροῦσι
958 1125 1041 1206 τοὺς
1063 1124 1120 1195 τὸν

53 1245 86 1296 10
106 1232 211 1302 αὐτὸν
235 1232 338 1319 λόγον
363 1237 499 1319 ἔχοντας
522 1232 600 1302 ὅτε
627 1232 814 1322 ἡγούμενος
841 1233 900 1302 τὸν
928 1229 1120 1319 ἡγούμενον

104 1340 160 1408 καὶ
189 1337 207 1407 6
237 1338 399 1424 ἑπόμενος
425 1337 486 1407 τὸν
509 1340 684 1427 ἑπόμενον.
729 1352 844 1428 μετρεῖ
865 1337 931 1427 άρα
955 1336 973 1408 6
999 1349 1034 1406 A
1064 1338 1120 1407 τὸν

105 1451 137 1512 Γ
161 1442 204 1524 ὥς
231 1442 419 1530 ἡγούμενος
445 1445 647 1533 ηνοάμενον.
692 1459 806 1534 μετρεῖ
831 1445 869 1514 66
899 1445 955 1512 καὶ
985 1445 1120 1514 ἑαυτόν·

106 1547 123 1618 6
149 1559 181 1616 A
204 1548 270 1637 άρα
292 1549 372 1631 τοὺς
390 1560 433 1637 Α,
451 1557 484 1619 Γ
502 1565 616 1640 μετρεῖ
631 1551 784 1640 πρώτους
803 1549 902 1632 ὄντας
920 1553 1005 1641 πρὸς
1025 1549 1121 1638 άλλή·

106 1662 200 1736 λους·
231 1653 313 1743 ὅπερ
342 1656 433 1724 ἐστὶν
460 1653 640 1725 ἀδύνατον.
688 1655 751 1725 οὐκ
778 1656 844 1745 άρα
870 1671 940 1737 τοῖς
964 1667 1012 1743 A,
1033 1663 1124 1744 Β,Γ

55 1772 88 1822 15
110 1761 260 1829 δυνατόν
285 1764 353 1829 ἐστι
376 1763 534 1850 τέταρτον
558 1759 729 1849 άνάλογον
752 1777 961 1851 προσευρεῖν.

170 1867 268 1936 Ἀλλά
299 1866 341 1954 66
374 1867 476 1936 πάλιν
504 1873 653 1937 ἔστωσαν
686 1872 722 1937 oc
751 1879 797 1956 A,
816 1877 860 1956 Β,
878 1874 910 1936 Γ
938 1869 1015 1955 ἑξῆς
1048 1867 1122 1937 άνά·

107 1981 225 2061 λογον,
255 1977 289 2040 οῖ
315 1973 352 2041 66
384 1983 427 2055 A,
447 1980 479 2041 Γ
507 1973 551 2060 μὴ
581 1979 730 2042 ἔστωσαν
754 1979 882 2066 ,πρῶτοι
913 1973 999 2061 πρὸς
1029 1972 1123 2060 άλλή·

107 2074 194 2157 λους.
237 2080 337 2164 λέγω,
362 2077 414 2146 ὅτι
437 2079 585 2147 δυνατόν
609 2082 700 2147 ἐστιν
724 2077 839 2159 αὐτοῖς
860 2081 1020 2167 τέταρτον
1046 2078 1125 2148 άνά-

108 2192 210 2270 λογον
238 2196 446 2272 προσευρεῖν.
493 2184 511 2252 6
540 2182 604 2272 γάρ
633 2193 661 2252 Β
684 2183 744 2254 τὸν
772 2192 805 2253 Γ
829 2187 1126 2266 πολλαπλασιάσας

61 2302 94 2351 20
109 2290 169 2359 τὸν
203 2298 236 2357 A
263 2295 411 2358 ποιείτω·
445 2290 459 2359 τ’
492 2300 523 2358 Α
552 2287 617 2377 άρα
643 2288 705 2357 τὸν
733 2301 767 2357 A
794 2289 868 2377 ἤτοι
892 2303 1007 2379 μετρεῖ
1034 2289 1056 2379 ἢ
1087 2290 1126 2360 οὐ

109 2410 229 2485 μετρεῖ.
275 2403 429 2482 μετρείτω
459 2393 564 2463 αὐτὸν
591 2395 756 2483 πρότερον
783 2396 866 2465 κατά
889 2395 951 2465 τὸν
976 2405 1019 2464 Ε·
1052 2399 1070 2466 6
1095 2406 1127 2464 A

109 2501 174 2586 άρα
201 2500 262 2570 τὸν
290 2509 322 2569 Β
342 2500 635 2581 πολλαπλασιάσας
657 2499 716 2569 τὸν
741 2511 775 2567 A
801 2507 990 2589 πεποίηκεν.
1040 2502 1127 2572 άλλά

109 2608 176 2696 μὴν
194 2608 250 2678 καὶ
269 2608 287 2677 6
308 2616 336 2675 Β
355 2606 415 2676 τὸν
433 2613 466 2674 Γ
484 2606 776 2686 πολλαπλασιάσας
794 2606 855 2675 τὸν
876 2615 908 2674 A
926 2615 1127 2695 πεποίηκεν·

110 2713 214 2798 ὁάρα
234 2717 269 2781 ἐκ
291 2719 359 2782 τῶν
382 2723 423 2799 A,
442 2721 475 2781 E
496 2722 568 2792 ἴσος
591 2715 659 2782 ἐστὶ
681 2718 726 2806 τῷ
751 2717 876 2782 ἐκτῶν
900 2722 943 2799 Β,
964 2721 1000 2783 Γ.
1047 2715 1130 2785 άνά-

56 2834 90 2884 25
109 2828 213 2905 λογον
245 2819 310 2905 άρα
344 2821 461 2903 [ἐστὶν]
490 2820 534 2898 ὡς
562 2818 579 2886 6
609 2827 641 2885 A
667 2819 751 2906 πρὸς
776 2823 838 2888 τὸν
865 2828 908 2907 Β,
936 2820 954 2888 ὁ
985 2828 1020 2888 Γ
1045 2823 1131 2911 πρὸς

109 2923 171 2992 τὸν
198 2931 239 2991 Β·
268 2937 338 3004 τοῖς
365 2933 411 3011 A,
431 2933 475 3011 Β,
494 2931 526 2993 Γ
552 2922 618 3012 άρα
644 2925 799 3014 τέταρτος
825 2924 995 3012 ἀνάλογον
1026 2950 1131 3018 προσ-

110 3029 253 3117 ηὕρηται
277 3031 296 3098 6
320 3038 358 3098 E.

175 3131 271 3202 Ἀλλά
298 3134 339 3221 δὴ
364 3135 408 3222 μὴ
432 3112 629 3223 μετρείτω
615 3165 632 3204 ο
653 3146 685 3204 A
702 3141 763 3205 τὸν
784 3146 829 3205 Δ·
853 3137 995 3224 λέγω,,”
975 3166 1030 3207 οτι
1050 3140 1133 3211 666·

184 3338 207 3385 1.
222 3331 290 3386 Post
303 3326 439 3418 αλληλους
452 3331 514 3385 add
530 3331 603 3387 inP:
623 3314 662 3395 ἅ
671 3327 783 3401 λεγω
768 3350 810 3385 οτι
824 3333 873 3386 κα
884 3326 973 3394 οὕτως
988 3334 1132 3390 δυνατόν·

113 3397 241 3543 είγάρξ
230 3421 245 3456 ο
264 3408 286 3455 A
305 3399 354 3456 τὸν
372 3396 429 3455 ὑπὸ
451 3408 487 3486 Β,
508 3406 534 3455 Γ
553 3411 662 3491 μετρεῖ,
684 3400 891 3489 προβήσεταιὴ
916 3403 1039 3469 δειξις
1027 3410 1133 3476 ομοίως

66 3480 166 3584 *tote
193 3470 266 3546 εξῆς
311 3471 340 3531 εἰ
367 3469 398 3530 66
428 3469 461 3529 οὐ
490 3480 586 3544 μετρεῖ
614 3469 630 3527 6
659 3469 786 3527 Ατὸν
773 3471 829 3527 υπὸ
856 3478 890 3540 Β,
915 3476 952 3543 Γ,
981 3428 1133 3533 ἀδύνατον
