2348 3818
106 165 172 228 ιιι
483 121 743 234 mmm.

106 313 197 376 ἔστιν
231 306 297 395 ἀρα
331 303 377 386 ὡς
409 303 427 375 6
456 315 489 373 A
514 307 600 394 πρὸς
627 306 688 376 τὸυ
715 314 757 393 Β,
790 304 898 387 οὕτως
925 303 943 374 6
974 314 1009 374 A
1040 305 1123 393 πρὸς

105 413 166 482 τὸν
193 420 231 480 Ε.
282 411 356 481 ἀλλ’
393 410 438 493 ὡς
469 411 487 481 6
516 422 548 480 A
576 412 660 502 πρὸς
686 411 747 481 τὸυ
775 421 818 500 Β,
846 410 865 481 6
894 418 927 480 Γ
950 411 1035 501 πρὸς
1061 411 1122 481 τὸν

107 528 155 587 A·
183 520 238 586 παλ
266 516 311 598 ὡς
338 517 404 607 ἀρα
428 516 446 587 6
471 524 504 586 Γ
526 519 611 606 πρὸς
632 518 697 605 τὸυ
718 527 766 606 A,
792 516 810 588 6
836 514 873 586 Δ
891 517 976 607 πρὸς
998 517 1060 586 τὸν
1084 526 1122 586 E.

104 625 160 693 καὶ
184 626 253 693 ἐπεὶ
277 622 296 694 6
320 634 353 692 A
374 623 455 705 τοὺς
476 631 520 710 Γ,
545 634 578 692 A
600 627 893 705 πολλαπλασιάσας
919 624 1001 704 τοὺς
1026 631 1070 709 Ζ,
1088 631 1127 691 Η

69 737 298 818 οπεπολήκευ,
322 735 414 798 ἔστιν
440 729 507 818 ἀρα
536 729 581 811 ὡς
610 728 628 798 6
656 736 689 798 Γ
713 729 798 819 πρὸς
824 730 886 800 τὸυ
911 739 959 817 A,
984 728 1122 815 [οὕτως]

105 836 124 907 6
153 845 181 905 Z
206 836 291 925 πρὸς
317 836 379 905 τὸυ
407 844 450 904 Η.
497 834 543 917 οἱς
570 837 609 904 66
636 834 654 905 6
683 843 716 905 Γ
739 836 824 926 πρὸς
850 836 911 906 τὸυ
934 845 983 923 A,
1013 836 1122 915 οὕτως

104 936 148 1031 ήυ
176 942 194 1013 6
218 953 251 1011 A
273 943 357 1029 πρὸς
378 942 441 1011 τὸυ
463 950 505 1010 Β·
532 942 590 1010 παὶ
618 940 665 1021 ὡς
691 938 805 1032 ἀραὸ
829 952 862 1011 A
888 941 972 1032 πρὸς
995 941 1057 1011 τὸυ
1082 950 1122 1026 Β,

105 1047 123 1119 6
152 1058 180 1117 Z
206 1047 291 1137 πρὸς
312 1049 373 1116 τὸυ
395 1055 440 1116 Η.
484 1047 603 1135 πάλιν,
632 1048 702 1117 ἐπεὶ
726 1046 744 1117 6
767 1058 800 1117 A
822 1050 902 1129 τοὺς
925 1057 969 1136 A,
988 1056 1021 1115 E
1041 1056 1121 1116 πολ-

103 1153 333 1233 λαπλασιάσας
359 1152 440 1234 τοὺς
461 1160 511 1240 Η,
530 1162 559 1222 Θ
588 1160 785 1242 πεποίηκεν,
813 1160 905 1223 ἔστιν
933 1154 1000 1244 ἀρα
1028 1151 1075 1234 ὡς
1103 1149 1122 1220 6

52 1289 86 1338 10
105 1271 138 1330 A
170 1261 254 1349 πρὸς
284 1261 345 1328 τὸυ
372 1267 417 1346 Ε,
451 1258 469 1328 6
497 1267 537 1327 H
560 1260 645 1349 πρὸς
675 1260 738 1329 τὸυ
765 1267 802 1329 Θ.
849 1259 923 1329 ἀλλ’
960 1258 1004 1341 ὡς
1036 1258 1055 1328 6
1089 1268 1120 1326 A

104 1367 188 1457 πρὸς
219 1366 281 1435 τὸν
308 1374 354 1452 Ε,
382 1363 400 1434 6
430 1375 463 1434 A
489 1365 573 1453 πρὸς
601 1367 663 1435 τὸν
690 1375 728 1436 Β.
752 1369 830 1454 ,καὶ
863 1365 909 1447 ιὸς
941 1367 1007 1455 ἀρα
1039 1364 1058 1433 6
1089 1375 1120 1433 A

104 1473 188 1559 πρὸς
213 1471 274 1542 τὸυ
301 1481 349 1560 Β,
379 1470 487 1553 οὕτως
513 1470 531 1542 6
559 1479 599 1540 H
622 1473 707 1563 πρὸς
733 1473 793 1543 τὸυ
820 1481 857 1543 Θ.
902 1474 959 1541 καὶ
989 1473 1059 1541 ἐπεὶ
1088 1473 1123 1539 ολ

104 1589 147 1665 A,
165 1587 193 1645 Β
215 1577 277 1648 τὸυ
300 1587 332 1647 E
352 1579 702 1660 πολλαπλασιάσαντες
723 1579 803 1660 τοὺς
826 1587 867 1665 Θ,
886 1586 922 1647 Κ
942 1577 1120 1665 πεποιήκα·

104 1706 175 1772 σιν,
209 1691 299 1754 ἔστιν
331 1684 397 1772 ἀρα
430 1683 475 1765 ὡς
506 1683 525 1754 6
555 1696 588 1753 A
620 1683 704 1773 πρὸς
733 1684 795 1754 τὸυ
827 1693 874 1771 Β,
907 1683 1015 1764 οὕτως
1044 1682 1063 1752 6
1093 1691 1122 1750 Θ

54 1819 86 1869 15
105 1791 188 1879 πρὸς
219 1790 279 1859 τὸυ
309 1797 352 1858 K.
398 1789 472 1859 ἀλλ’
508 1789 553 1870 ὡς
582 1788 600 1858 6
630 1799 662 1857 A
689 1790 772 1879 πρὸς
799 1791 860 1860 τὸν
888 1799 932 1876 Β,
966 1789 1075 1869 οὕτως
1102 1787 1120 1857 6

104 1924 139 1965 τε
163 1905 190 1965 Ζ
212 1896 297 1985 πρὸς
319 1897 380 1966 τὸν
402 1904 442 1965 Η
460 1896 516 1964 καὶ
540 1895 616 1964 ὁΗ
634 1897 718 1986 πρὸς
739 1896 801 1965 τὸν
825 1905 862 1967 Θ.
904 1899 959 1965 καὶ
985 1894 1030 1976 ὦς
1055 1895 1122 1982 ἀρα

105 2001 124 2071 6
151 2011 179 2088 Ζ
206 2002 289 2088 πρὸς
316 2002 376 2070 τὸυ
403 2009 453 2089 Η,
482 2004 588 2082 οὕτως
618 2001 637 2070 6'
669 2030 704 2071 τε
735 2011 772 2071 Η
803 2002 886 2091 πρὸς
917 2003 978 2071 τὸυ
1006 2010 1035 2070 Θ
1065 2002 1123 2069 καὶ

106 2106 124 2177 6
152 2115 180 2175 Θ
207 2107 291 2194 πρὸς
317 2107 376 2176 τὸυ
408 2114 454 2174 Κ·
487 2111 521 2175 οἱ
552 2114 595 2193 Γ,
620 2116 670 2194 Δ,
694 2117 726 2176 E
755 2108 822 2197 ἀρα
853 2109 909 2176 καὶ
943 2111 977 2176 ολ
1008 2116 1051 2194 Ζ,
1075 2114 1122 2194 Η,

104 2222 148 2300 Θ,
166 2220 201 2279 Κ
221 2212 393 2298 ἀνάλογόν
417 2219 503 2282 εἰσιν
527 2216 563 2281 ἐυ
588 2218 634 2304 τῷ
657 2218 719 2282 τοῦ
742 2223 774 2282 A
792 2215 876 2302 πρὸς
894 2215 955 2285 τὸυ
973 2223 1002 2283 Β
1022 2214 1121 2306 λόγῳ.

52 2350 86 2398 20
105 2321 190 2405 λέγω
215 2319 273 2406 δή,
304 2320 355 2387 ὅτι
382 2320 438 2387 καὶ
466 2319 642 2407 ἐλάχιστοι.
689 2322 758 2389 ἐπεὶ
781 2321 846 2410 γάρ
871 2325 906 2390 ολ
928 2331 975 2408 Λ,
994 2329 1023 2389 Β
1049 2320 1122 2388 ἐλά-

104 2430 215 2514 χιστοί
244 2430 308 2493 εἰσι
339 2429 406 2494 τῶν
437 2425 500 2494 τὸυ
532 2424 639 2495 αὐτὸν
676 2426 780 2514 λόγου
813 2427 961 2515 ἐχόντων
994 2424 1121 2511 αὐτοῖς,

105 2536 140 2601 ολ
165 2532 203 2600 66
231 2531 398 2620 ἐλάχιστοι
420 2536 489 2601 τῶν
511 2532 574 2602 τὸυ
598 2532 704 2601 αὐτὲυ
727 2533 831 2621 λόγου
854 2534 1014 2621 ἐχόντων’
1030 2536 1120 2619 πρῶ-

104 2667 156 2707 τοι
182 2640 266 2727 πρὸς
293 2636 459 2726 ἀλλήλους
488 2644 591 2725 εἰσίν,
621 2643 657 2708 ολ
677 2647 772 2726 Α,Β
795 2638 863 2727 ἀρα
885 2644 1012 2725 πρῶτοι
1035 2637 1121 2727 πρὸς

104 2743 269 2831 ἀλλήλους
297 2751 391 2814 εἰσίν.
436 2747 492 2814 καὶ
515 2745 671 2833 ἑκάτερος
699 2745 761 2831 μὲν
783 2750 854 2814 τῶν
878 2754 924 2831 Α,
943 2752 972 2812 Β
996 2744 1121 2813 ἑαυτὸν

51 2881 85 2930 25
104 2851 396 2931 πολλαπλασιάσας
423 2852 582 2939 ἑκάτερον
609 2856 679 2920 τῶν
706 2858 749 2938 Γ,
768 2860 800 2919 Β
821 2856 1016 2938 πεποίηκεν,
1046 2850 1121 2918 ἑκά-

104 2986 202 3047 τερου
235 2958 273 3026 δὲ
303 2962 372 3027 πῶυ
404 2964 447 3045 Γ,
470 2966 502 3026 Ε
533 2956 827 3039 πολλαπλασιάσας
859 2957 1018 3045 ἑκάτερον
1051 2962 1122 3025 τῶν

105 3075 148 3150 Ζ,
171 3071 205 3132 Κ
231 3070 423 3151 πεποίηκεν·
454 3067 489 3133 ολ
515 3071 559 3151 Γ,
588 3073 620 3132 E
645 3062 712 3152 ἀρα
738 3064 794 3131 καὶ
818 3066 854 3133 ολ
875 3072 918 3151 Ζ,
936 3071 972 3131 Κ
993 3068 1121 3152 πρῶτοι

104 3169 187 3259 πρὸς
215 3168 382 3257 ἀλλήλους
410 3176 505 3240 εἰσίν.
552 3169 611 3239 ἐάυ
640 3170 677 3238 δὲ
706 3163 790 3238 άσιυ
814 3167 999 3239 ὁποσοιοῦν
1023 3167 1121 3258 ἀριθ-

106 3277 163 3364 μοὶ
187 3277 262 3363 ἑξής
285 3274 472 3364 ἀνάλογον,
501 3281 536 3345 ολ
564 3277 602 3345 δὲ
629 3276 727 3365 ἀκροι
749 3273 862 3344 αὐτῶν
886 3280 1011 3364 πρῶτοι
1035 3276 1121 3363 πρὸς

171 3445 197 3494 2.
218 3433 234 3492 6
249 3437 293 3567 13]
311 3430 402 3501 οὕτως
421 3433 435 3491 6
457 3441 483 3491 Γ
498 3438 561 3507 ch.
616 3444 641 3494 3.
661 3437 709 3491 κοιλ
728 3433 766 3499 ὡς
778 3431 836 3505 ἀρα
850 3433 866 3490 ὁ
882 3440 909 3490 Γ
924 3431 994 3502 πρὸς
1012 3429 1064 3488 τὸν
1079 3436 1120 3503 Δ]

83 3527 143 3580 mg.
164 3529 205 3568 m.
226 3515 244 3565 2
308 3509 413 3569 addito
433 3510 464 3566 in
481 3510 539 3567 fine
560 3502 661 3572 οὕτως.
733 3503 749 3561 6
772 3507 815 3576 ΔΧ
828 3502 911 3560 ααλο
933 3511 953 3558 Δ
970 3505 1014 3571 V,
1029 3499 1121 3567 οὕτως
