2348 3818
351 174 625 226 ELEMENTORUM
643 172 753 224 LIBER
770 174 817 225 IX.
1028 169 1092 235 371

82 316 157 381 fieri
180 338 246 381 non
268 318 385 398 potest.
423 319 543 400 ergol,
565 315 690 398 primus
712 336 779 380 non
803 318 861 381 est.
898 315 1097 398 compositus

84 423 195 506 igitur.
231 421 383 505 quemuis
409 424 517 485 autem
540 442 711 485 numerum
734 421 950 505 compositum
973 420 1096 503 primus

83 528 202 610 aliquis
230 548 383 592 numerus
413 528 547 590 metitur
571 525 662 607 [VII,
681 527 748 610 32].
793 528 902 611 itaque
925 547 1096 592 numerum

84 636 112 696 Z
130 633 254 716 primus
274 632 391 717 aliquis
409 652 563 695 numerus
582 632 723 696 metitur.
756 632 837 711 dieo,
855 632 980 696 nullum
995 632 1095 696 alium

82 759 159 802 eum
181 739 290 802 metiri
311 742 441 822 praeter
459 742 501 800 A.
537 758 614 801 nam
638 738 665 801 si
690 738 771 801 alius
794 757 948 801 numerus
971 738 1095 820 primus

79 863 255 907 numerum
278 847 306 906 Z
333 843 482 926 metitur,
510 845 543 906 ess
565 847 593 906 Z
615 864 785 906 numerum
808 847 842 906 A
864 844 1009 926 metitur,
1038 844 1094 906 ille

82 969 210 1032 quoque
233 970 404 1013 numerum
422 952 456 1011 A
480 949 642 1013 messietur.
680 970 780 1032 quare
804 949 903 1013 etiam
925 969 1096 1013 numerum

80 1059 115 1117 A
138 1052 291 1118 metietur
320 1055 424 1138 [prop.
448 1053 525 1133 XII]
531 1103 541 1138 ‚
573 1054 627 1137 qui
655 1055 779 1138 primus
807 1057 870 1136 est,
901 1075 1095 1137 quamquam

81 1159 112 1222 ei
142 1159 285 1243 aequalis
314 1181 381 1224 non
409 1163 471 1243 θεὶς
500 1152 587 1244 quod
614 1161 684 1223 fieri
712 1182 780 1225 non
807 1162 924 1243 potest.
963 1179 1039 1243 ergo
1063 1165 1095 1222 A

80 1286 253 1329 numerum
277 1268 305 1328 Z
326 1265 468 1329 metitur.
515 1269 548 1330 eh
570 1267 722 1348 quoniam
747 1269 779 1329 E
798 1286 969 1330 numerum
994 1269 1027 1327 A
1049 1285 1096 1328 se-

81 1370 222 1436 cundum
250 1374 278 1433 Z
305 1371 453 1454 metitur,
481 1370 542 1434 erit
565 1374 597 1433 E
609 1385 653 1437 ><
669 1375 696 1432 Ζ
711 1400 753 1423 =
768 1375 810 1435 A.
855 1392 969 1435 uerum
997 1370 1095 1433 etiam

79 1474 1142 1559 AxP=AfflQXHimoeAxP=Exz.

78 1583 194 1665 itaque
208 1588 240 1645 A
254 1604 261 1644 :
276 1585 308 1643 E
321 1611 363 1634 =
379 1585 406 1644 Z
421 1604 428 1643 :
443 1584 476 1645 Γ
495 1579 582 1663 [VIL
599 1579 664 1659 19].
702 1601 814 1644 uerum
829 1587 861 1644 A
879 1603 1051 1646 numerum
1065 1587 1097 1645 Ε

79 1688 223 1752 metihur.
268 1686 379 1769 itaque
407 1686 505 1750 etiam
532 1690 560 1749 Z
588 1705 758 1749 numerum
784 1688 817 1750 Γ
839 1687 983 1750 metitur.
1028 1707 1093 1751 me·

78 1795 184 1858 fiatur
207 1791 380 1856 seeundum
403 1795 446 1856 H.
485 1791 633 1856 similiter
657 1790 960 1876 demonstrabimus,
982 1814 1093 1857 nume·

79 1920 155 1963 rum
179 1903 218 1962 H
235 1899 317 1963 nulli
339 1920 547 1963 numerorum
571 1904 612 1980 A,
635 1900 663 1960 B
687 1898 854 1981 aequalem
877 1918 958 1981 esse,
981 1900 1014 1961 et
1036 1920 1093 1962 nu-

80 2026 208 2068 merum
236 2012 268 2069 A
301 2025 373 2068 eum
406 2004 522 2067 metiri.
569 2007 602 2067 et
634 2002 787 2085 quoniam
814 2008 842 2067 Z
872 2025 1043 2068 numerum
1066 2008 1099 2069 Γ

82 2093 1093 2192 ωωὼωῌωὼηωηκῌεᾙυωωώω

80 2215 1093 2299 AxB=Psswpffl1stmoeAxss=zxff

79 2343 181 2405 quare
203 2327 257 2385 A:
273 2326 300 2385 Z
316 2324 472 2384 =H213
498 2319 676 2403 [V11,19].
720 2342 834 2386 uerum
861 2329 893 2386 A
923 2345 1093 2388 numerum

79 2431 109 2490 Z
132 2428 275 2491 metitur.
310 2428 419 2510 itaque
443 2425 541 2489 etiam
559 2431 598 2490 H
617 2449 787 2491 numerum
806 2432 834 2492 B
854 2431 994 2494 messitur.
1027 2451 1093 2493 me·

78 2532 182 2596 tiassur
205 2531 380 2597 secundum
402 2536 441 2595 Θ.
486 2531 637 2597 similiter
659 2533 961 2616 demonstrabimus,
984 2556 1093 2598 nume·

76 2660 153 2702 rum
180 2641 209 2702 Θ
235 2660 368 2703 numero
395 2643 428 2701 A
459 2640 629 2720 aequalem
660 2660 726 2703 non
754 2660 833 2703 esse.
879 2642 912 2703 et
939 2639 1093 2722 quoniam

77 2747 119 2808 H
137 2764 305 2808 numerum
329 2748 357 2808 B
381 2745 557 2810 seeundum
576 2747 604 2807 Θ
626 2744 768 2826 metitur,
792 2743 854 2808 erit

460 2853 706 2918 H><A=ss

79 3092 170 3148 llitt.
191 3113 220 3161 φ.
290 3098 331 3148 12.
353 3088 428 3147 ἐστίν
446 3091 477 3147 P.
546 3099 586 3148 15.
607 3093 832 3217 μετρεῖὲίυεθή.
850 3113 887 3148 m.
912 3092 978 3147 ΕΒ.
1049 3101 1090 3148 16.

78 3157 220 3237 οὐδετέρῳ
243 3162 340 3218 Theon
365 3163 477 3232 (Bch).
549 3170 592 3218 21.
612 3161 687 3218 ἐστίν
735 3206 741 3218 .
814 3171 856 3219 22.
875 3165 915 3236 A]
934 3164 964 3217 in
982 3181 1035 3219 ras.
1055 3164 1090 3219 V.
