2348 3818
79 158 145 221 212
465 157 668 208 Στοῑκυῑομ
686 150 721 219 ς’.

76 305 137 368 καί
163 301 253 367 ἐστιν
282 306 358 365 ἴσου
386 295 424 364 τὸ
453 301 584 382 πλῆθος
613 299 682 364 τῶν
705 301 787 383 ΒΗ,
807 300 879 363 ΗΓ
897 297 944 386 τῷ
974 291 1095 379 πλήθει

77 408 147 473 τῶν
179 411 257 491 ΕΘ,
281 411 357 490 ΘΖ,
391 401 410 471 3
443 402 510 490 ἄρα
542 403 643 489 μέρος
675 402 766 470 ἐστὶν
798 399 816 470 ὁ
845 407 919 470 ΒΗ
946 403 1008 468 τοτ’
1036 405 1098 467 ΒΘ

78 505 100 594 3
127 507 226 596 μέρη,
258 507 296 577 τὸ
325 507 407 576 αὐτὸ
441 507 541 596 μέρος
568 508 638 576 ἐστὶ
670 507 726 575 καὶ
754 505 874 575 ὁἨΓ
896 508 960 574 τοῦ
987 512 1052 573 ΘΖ
1077 499 1097 590 3

77 612 119 682 τὰ
152 612 237 682 αὐτὰ
270 614 365 703 μέρη·
399 611 483 681 ὥστε
515 615 570 680 καὶ
599 610 618 682 3
647 613 748 700 μέρος
776 612 866 681 ἐστὶν
894 607 912 679 3
941 617 1017 679 ΒΗ
1039 613 1098 679 τοῦ

44 728 143 788 ὅΕΘ
170 717 190 807 3
220 722 319 809 μέρη,
349 719 387 789 τὸ
416 717 499 787 αὐτὸ
532 721 633 806 μέρος
660 719 730 788 ἐστὶ
761 718 818 786 καὶ
845 717 1100 804 συναμφότερος

80 822 99 892 3
128 831 193 894 ΒΓ
218 828 475 912 συναμφοτέρου
501 827 563 893 τοῦ
587 832 650 892 ΕΖ
673 821 694 911 3
714 822 754 891 τὰ
780 821 865 892 αὐτὰ
888 824 981 912 μέρη.
1030 832 1099 905 ἴσος

81 930 118 998 δὲ
147 927 165 997 ὁ
195 930 257 1016 μὲν
280 938 350 998 ΒΗ
371 934 417 1022 τῷ
440 939 488 1016 Α,
517 927 535 998 3
565 930 602 997 δὲ
627 937 689 998 ΕΘ
711 933 758 1021 τῷ
782 937 830 996 Δ·
859 926 878 997 3
906 928 974 1018 ἄρα
1003 931 1100 1019 μέρος

80 1036 171 1104 ἐστὶν
200 1034 218 1104 3
248 1045 280 1105 A
307 1040 367 1104 voi
397 1045 431 1103 A
458 1032 479 1123 3
512 1037 610 1124 μέρη,
642 1035 681 1104 τὸ
709 1033 792 1104 αὐτὸ
822 1036 922 1123 μέρος
949 1037 1021 1104 ἐστὶ
1047 1037 1099 1105 καὶ

81 1139 99 1209 3
123 1149 191 1210 ΒΓ
209 1147 272 1210 τοῦ
296 1149 359 1209 ΕΖ
382 1139 403 1229 3
427 1140 468 1210 τὰ
493 1139 579 1210 αὐτὰ
604 1144 702 1230 μέρη·
726 1140 807 1230 ὅπερ
831 1146 900 1210 ἔδει
924 1143 1041 1225 δεῖξαι.

29 1358 63 1406 ιο
572 1336 608 1405 ι’.

146 1456 234 1525 Ἐὰυ
267 1455 439 1547 ἀριθμὸς
466 1458 645 1550 ἀριθμοῦ
677 1462 773 1549 μέρη
805 1453 843 1549 3,
874 1459 941 1527 καὶ
968 1461 1102 1548 ἕτερος

82 1564 218 1647 ἑτέρου
244 1563 290 1633 τὰ
321 1564 419 1635 αὐτὰ
452 1568 548 1653 μέρη
575 1557 613 1654 3,
647 1566 713 1633 καὶ
741 1563 925 1650 ἐναλλάξ,
953 1561 975 1631 3
1006 1567 1103 1653 μέρη

83 1669 191 1738 ἐστὶν
219 1668 237 1740 3
266 1683 420 1760 πρῶτος
446 1675 516 1741 τοῦ
544 1676 681 1759 τρίτου
708 1667 729 1757 3
763 1672 896 1758 μέρος,
928 1668 974 1739 τὰ
1006 1669 1106 1740 αὐτὰ

82 1777 178 1863 μέρη
208 1783 317 1845 ἔσται
343 1778 410 1845 καὶ
439 1775 457 1846 3
482 1776 670 1863 δεύτερος
692 1780 762 1844 τοῦ
791 1775 984 1863 τετάρτου
1013 1774 1035 1865 3
1063 1804 1107 1848 το

31 1893 64 1942 15
84 1880 181 1949 αὐτὸ
205 1887 332 1969 μέρος.
1038 1935 1041 1941 ·

147 1986 306 2074 Ἀριθμὸς
333 1988 398 2075 γὰρ
427 1985 445 2055 ὁ
475 1995 540 2054 ΑΒ
569 1986 720 2076 ἀριθμοῦ
748 1993 809 2058 τοῦ
837 1995 869 2057 Γ
897 1990 980 2078 μέρη
1011 1995 1110 2076 ἔστω,

82 2092 139 2158 καὶ
162 2094 273 2178 ἕτερος
296 2090 314 2160 3
339 2100 409 2159 ΔΒ
430 2093 545 2180 ἑτέρου
567 2098 629 2161 τοῦ
653 2103 680 2162 Ζ
704 2095 744 2163 τὰ
769 2092 853 2162 αὐτὰ
878 2096 974 2183 μέρη·
1006 2099 1109 2186 λέγω,

85 2195 136 2264 ὅτι
158 2198 213 2264 καὶ
238 2197 393 2283 ἐναλλάξ,
417 2195 438 2265 3
461 2199 544 2287 μέρη
570 2200 661 2268 ἐστὶν
686 2199 703 2268 3
727 2209 792 2269 AB
815 2204 877 2269 τοῦ
901 2209 972 2268 ΔΕ
998 2199 1021 2289 3
1051 2206 1110 2289 με’-

84 2330 158 2389 ρος,
191 2301 231 2369 τὰ
260 2301 345 2371 αὐτὰ
373 2305 455 2392 μέρη
485 2306 554 2373 ἐστὶ
581 2308 637 2374 καὶ
665 2304 682 2374 ὁ
712 2318 742 2373 Γ
764 2312 825 2375 τοῦ
852 2316 881 2375 Ζ
908 2304 930 2395 3
958 2305 998 2376 τὸ
1023 2306 1110 2378 αὐτὸ

32 2430 66 2479 20
85 2410 193 2497 μέρος.

149 2512 239 2584 Ἐπεὶ
265 2515 346 2603 γάρ,
375 2514 397 2583 3
425 2519 508 2605 μέρη
537 2518 628 2586 ἐστὶν
657 2515 675 2585 3
704 2526 769 2585 AB
797 2520 860 2587 τοῦ
886 2525 924 2606 Γ,
952 2518 994 2587 τὰ
1020 2519 1109 2591 αὐτὰ

85 2623 168 2711 μέρη
201 2625 271 2692 ἐστὶ
297 2622 354 2690 καὶ
383 2619 401 2689 3
430 2630 501 2689 AE
525 2627 586 2690 τοῦ
614 2631 658 2707 Ζ,
687 2621 750 2690 ὅσα
778 2623 845 2712 ἄρα
872 2626 964 2693 ἐστὶν
992 2627 1032 2693 ἐυ
1059 2632 1109 2720 τῷ

84 2735 153 2795 ΑΒ
181 2730 262 2814 μέρη
291 2731 353 2795 τοῦ
375 2733 414 2812 Γ,
444 2737 589 2794 τοσαῦτα
616 2728 672 2795 καὶ
701 2730 737 2796 ἕυ
765 2732 810 2820 τῷ
835 2738 906 2798 ΛΕ
930 2732 1015 2818 μέρη
1044 2738 1110 2802 τοῦ

86 2838 124 2897 Ζ.
170 2830 345 2917 διῃρήσθω
370 2827 388 2896 3
412 2830 473 2916 μὲν
496 2839 562 2898 ΑΒ
585 2836 632 2910 εἰς
653 2832 694 2900 τὰ
716 2836 778 2900 τοῦ
801 2839 835 2901 Γ
856 2837 939 2923 μέρη
957 2835 999 2903 τὰ
1023 2846 1109 2925 ΑΗ,

32 2958 67 3010 25
86 2941 166 3018 ΗΒ,
191 2932 209 3001 3
233 2934 270 3000 δὲ
294 2942 364 3002 ΔΕ
385 2938 433 3015 εἰς
454 2938 494 3003 τὰ
517 2941 577 3004 τοῦ
602 2946 629 3005 Ζ
652 2940 734 3027 μέρη
758 2938 800 3007 τὰ
817 2948 894 3027 ΔΘ,
913 2950 988 3010 ΘΒ·
1013 2949 1110 3014 ἔσται

45 3156 53 3169 ,
159 3118 184 3164 2.
204 3113 367 3234 E013⁰⁰²²
387 3128 421 3165 ex
440 3115 492 3165 ΕΖ
510 3131 546 3167 m.
568 3123 582 3168 1
601 3114 631 3170 F.
721 3122 747 3171 4.
767 3110 853 3188 ὥστε]
879 3137 920 3173 -τε
944 3120 974 3174 in
996 3138 1053 3178 ras.
1073 3123 1107 3179 V.

89 3178 240 3252 7.ὃέ]δή
284 3225 290 3236 .
384 3188 425 3236 12.
444 3174 478 3254 3]
498 3184 533 3250 P3
553 3203 606 3240 om.
627 3186 741 3256 BFVp.
834 3188 969 3244 13.Ante
998 3187 1013 3208 ''
1038 3192 1107 3263 inp

89 3252 144 3306 del.
168 3254 224 3306 καί.
317 3249 417 3324 μέρος]
442 3270 511 3308 oorr.
535 3272 570 3310 ex
597 3255 667 3326 μέρη
690 3276 718 3326 p.
811 3265 852 3313 14.
872 3257 951 3314 ἔσται
973 3210 1045 3331 μῖρη
1072 3265 1107 3320 V.

88 3324 154 3396 καί]
183 3342 219 3379 m.
244 3328 260 3377 2
284 3322 316 3375 F.
408 3329 449 3378 16.
473 3326 541 3397 AB]
564 3326 638 3382 inber
661 3334 683 3382 A
708 3330 737 3383 et
760 3333 781 3383 B
804 3330 877 3385 duae
900 3331 956 3389 litt.
981 3349 1052 3388 eras.
1073 3333 1106 3388 V.

89 3392 176 3467 ἔστω]
202 3415 237 3465 φ,
262 3392 359 3449 imas?
384 3394 415 3448 F.
488 3401 530 3451 1⁷.
555 3396 622 3453 Post
646 3396 715 3467 μέρη
742 3400 805 3454 add.
829 3400 911 3455 BFV
942 3424 948 3456 ε
978 3400 1048 3458 ἔστω
1073 3403 1107 3459 δέ

74 3464 133 3535 ’(δέ
146 3485 183 3523 m.
205 3466 278 3536 2F,·
302 3458 426 3520 ἐλάττου
448 3465 481 3521 δὲ
507 3464 576 3522 ἔστω
599 3468 634 3537 Β)
653 3464 668 3522 3
689 3473 738 3524 ΑΒ
756 3471 807 3524 τοῦ
826 3474 883 3526 ΔΕ
922 3468 1033 3529 λοίσσωυ
1056 3477 1067 3544 (
1097 3515 1103 3526 .
