2348 3818
110 160 175 225 396
487 157 688 211 Στοιεοιαπ
705 150 750 211 ε’.

174 297 264 368 Ἐπεὶ
293 299 357 387 γὰρ
386 297 404 368 5
432 307 498 367 AB
525 296 682 386 περισσός
710 299 816 380 ἐστιν,
848 292 1043 382 ἀφῃρήσθω
1072 320 1128 379 μο-

110 406 172 488 νὰς
195 404 216 494 ἡ
241 413 322 472 ΒΛ·
351 403 468 485 λοιπὸς
491 402 557 491 ἄρα
581 399 599 472 5
622 410 693 471 ΑΔ
716 400 831 490 ἄρτιός
854 403 955 469 ἐστιν.
1001 396 1061 468 διὰ
1088 399 1129 468 τὰ

112 510 196 581 αὐτὰ
225 510 267 600 δὴ
295 512 351 579 καὶ
379 509 398 580 5
422 517 485 581 ΓΔ
508 509 623 599 ἄρτιός
646 511 749 577 ἐστιν·
779 505 941 577 ὥστεκαὶ
969 504 1090 586 λοιπὸς
1112 504 1130 574 ὁ

111 624 171 686 ΓΑ
195 617 310 704 ἄρτιός
334 621 436 686 ἐστιν·
460 615 542 704 ὅπερ
567 620 634 684 ἔδει
658 617 772 698 δεῖξαι.

76 817 92 867 ⁶
588 810 648 892 κζ’.

176 933 263 1002 Ἐὰν
295 931 370 1002 ἀπὸ
404 936 598 1022 περισσοῦ
631 929 808 1020 ἀριθμοῦ
841 929 978 1018 ἄρτιος
1014 929 1134 1017 ἀφαι-

112 1043 225 1128 ρεθῇ,
250 1037 268 1108 5
291 1039 431 1119 λοιπὸς
453 1037 641 1127 περισσὸς
664 1043 782 1106 ἔσται.

174 1143 256 1213 Ἀπὸ
284 1143 348 1234 γὰρ
375 1149 537 1232 περισσοῦ
564 1149 626 1214 τοῦ
654 1152 719 1213 ΑΒ
748 1140 861 1229 ἄρτιος
888 1139 1090 1231 ἀφῃρήσθω
1114 1140 1132 1211 5

112 1260 187 1321 ΒΓ·
210 1253 311 1338 λέγω,
335 1249 387 1319 ὅτι
411 1247 429 1318 5
454 1247 571 1331 λοιπὸς
595 1247 613 1318 5
637 1255 698 1318 ΓΑ
720 1248 878 1338 περισσός
900 1250 1005 1317 ἐστιν.

59 1364 92 1415 10
176 1356 379 1445 Ἀφῃρήσθω
405 1355 496 1445 [γὰρ]
520 1355 626 1444 μονὰς
648 1353 669 1443 ἡ
693 1364 777 1424 ΑΔ·
801 1352 819 1424 5
839 1363 907 1423 ΔΒ
926 1353 996 1443 ἄρα
1017 1354 1132 1444 ἄρτιός

112 1467 213 1532 ἐστιν.
259 1468 327 1530 ἔστι
356 1462 394 1531 δὲ
420 1463 477 1530 καὶ
506 1460 524 1531 5
553 1470 620 1532 ΒΓ
643 1461 770 1550 ἄρτιος·
797 1461 854 1529 καὶ
876 1459 998 1540 λοιπὸς
1022 1459 1128 1549 ἶλραὸ

79 1576 89 1596 ”
112 1573 174 1641 ΓΔ
188 1565 303 1654 ἄρτιός
318 1569 417 1635 ἐστιν.
449 1565 607 1655 περισσὸς
620 1565 687 1654 ἄρα
702 1564 719 1635 5
735 1571 807 1633 ΓΑ·
832 1566 914 1653 ὅπερ
929 1568 1000 1633 ἔδει
1017 1568 1128 1648 δεῖξαι

590 1763 655 1847 κη’.

177 1883 265 1953 Ἐὰν
298 1882 487 1973 περισσὸς
519 1881 694 1971 ἀριθμὸς
725 1880 866 1971 ῦρτιον
903 1890 1127 1951 πολλαπλα-

62 2001 94 2050 15
114 1992 255 2070 σιολσας
285 1995 378 2078 ποιῇ
410 2016 514 2072 τινα,
547 1987 565 2057 5
599 1991 815 2076 γενόμενος
843 1986 979 2077 ἄρτιος
1010 1993 1125 2057 ἔσται.

179 2094 347 2183 Περισσὸς
369 2095 433 2183 γὰρ
458 2093 604 2185 ἀριθμὸς
627 2093 645 2164 5
670 2105 702 2163 A
724 2095 841 2184 ἄρτιον
869 2093 929 2162 τὸν
953 2102 982 2161 Β
1006 2104 1125 2164 πολλα-

112 2202 297 2281 πλασιάσας
328 2201 387 2270 τὸν
426 2208 457 2269 Γ
492 2206 640 2269 ποιείτω·
676 2202 778 2286 λέγω,
815 2199 867 2268 ὅτι
899 2197 917 2267 5
950 2207 984 2267 Γ
1016 2199 1128 2291 ῦρτιός

113 2311 212 2377 ἐστιν.
1171 2306 1173 2315 ’

178 2412 267 2481 Ἐπεὶ
290 2411 354 2500 γὰρ
378 2410 396 2481 5
420 2422 452 2481 A
474 2411 535 2481 τὸν
558 2421 588 2481 Β
610 2411 904 2492 πολλαπλασιάσας
926 2408 987 2480 τὸν
1016 2402 1126 2480 Γπε-

59 2537 94 2587 20
112 2524 265 2605 ποίηκεν,
289 2517 307 2587 5
332 2525 364 2586 Γ
382 2518 449 2607 ῦρα
472 2519 641 2606 σύγκειται
665 2521 700 2587 ἐκ
722 2518 895 2587 τοσούτων
919 2526 1003 2586 λσων
1023 2524 1073 2613 τῷ
1091 2527 1127 2603 Β,

113 2625 190 2693 ὅσοι
214 2626 300 2692 εἰσὶν
324 2627 362 2693 ἐν
384 2629 430 2718 τῷ
455 2634 487 2692 Α
510 2626 663 2711 μονάδες.
708 2630 767 2692 καί
789 2627 879 2692 ἐστιν
902 2621 920 2692 5
944 2631 973 2690 B
997 2623 1126 2712 ἄρτιος·

113 2728 131 2798 5
160 2737 192 2798 Γ
215 2729 281 2818 ἄρα
309 2730 478 2817 σύγκειται
507 2733 540 2811 ἐξ
567 2727 702 2818 ἀρτίων.
748 2728 806 2798 ἐὰν
835 2729 873 2797 55
895 2728 1006 2817 ἄρτιοι
1032 2731 1129 2820 ἀριθ-

113 2836 170 2920 μοὶ
190 2833 373 2903 ὁποσοιοῦν
397 2840 621 2922 συντεθῶσιν,
645 2833 663 2904 5
689 2834 766 2916 ὅλος
789 2834 904 2923 ἄρτιός
928 2838 1031 2904 ἐστιν.
1075 2836 1128 2924 ἅρ-

112 2964 182 3019 τιος
204 2938 270 3026 ἄρα
295 2940 385 3007 ἐστὶν
409 2938 427 3008 ὁ
451 2947 492 3008 Γ·
516 2939 597 3029 ὅπερ
621 2946 690 3009 ἔδει
713 2943 827 3021 δεῖξαι.

184 3123 209 3170 2.
229 3111 317 3187 ἐστιν]
336 3115 371 3182 Ρ,
391 3133 481 3186 comp.
501 3117 534 3186 F;
555 3113 613 3173 ἔστι
631 3118 688 3186 Vq.
753 3122 778 3172 4.
799 3117 937 3188 ΓΑ]ΑΓ
953 3118 1043 3188 BVq.
1108 3125 1129 3174 7.

114 3185 209 3257 ἔσται]
230 3183 305 3241 ἐστιν
325 3203 415 3256 comp.
433 3189 463 3243 F.
533 3195 559 3244 9.
579 3184 612 3260 5]
633 3189 704 3257 (alt.)
724 3205 778 3243 om.
819 3231 825 3243 .
892 3188 954 3260 ΓΑ]
975 3206 990 3243 e
1011 3207 1085 3246 corr.
1099 3191 1130 3245 V.

113 3264 155 3314 10.
176 3257 247 3328 γάρ]
267 3273 322 3312 om.
341 3256 371 3313 P.
462 3253 536 3328 ἄρα]
557 3276 609 3315 om.
628 3276 654 3328 q.
747 3206 867 3314 lstou
886 3277 912 3327 q.
950 3258 1017 3329 Seq.
1044 3262 1075 3316 in
1094 3261 1130 3315 V:

113 3327 172 3384 ἔστι
195 3327 227 3383 δὲ
252 3328 299 3383 καλ
324 3324 413 3398 μονὰς
436 3324 453 3397 ἡ
474 3335 536 3387 ΔΑ.
628 3329 684 3398 ἄρα
703 3326 778 3385 ἐστίν
797 3330 847 3385 V.-
923 3334 964 3384 14.
984 3331 1130 3403 περισσός]

111 3402 197 3470 supra
216 3399 245 3453 F.
319 3404 361 3455 16.
380 3397 512 3466 περισσὸς
530 3398 584 3472 γὰρ
604 3397 745 3472 ἀριθμός]
765 3396 889 3471 ἀριθμὸς
907 3395 962 3471 γάρ
982 3402 1013 3458 F.
1091 3410 1130 3460 23.

103 3474 231 3530 τεθῶσιν
250 3472 283 3530 Ρ.
359 3465 393 3546 5]
414 3488 469 3528 om.
488 3490 517 3543 q.
