2348 3818
478 149 680 203 Συοωωωα
698 146 732 217 ς’.

574 358 639 430 κδ’.

163 480 250 554 Ἐἀυ
279 484 351 554 δύο
380 483 548 575 ἀριθμοὶ
576 484 673 575 πρός
702 511 790 554 τινα
814 484 990 576 ἀριθμὸν
1013 494 1113 577 πρά·

97 616 159 658 τοι
182 583 296 679 άσιν,
319 592 383 661 καὶ
407 590 425 661 6
450 594 487 673 ἐξ
515 590 647 662 αὐτῶν
674 591 891 681 γενόμενος
917 593 1017 684 πρὸς
1044 595 1111 665 τὸυ

97 695 221 767 αὐτὸν
244 703 397 787 πρῶτος
420 703 539 767 ἔσται.

61 827 77 876 5
165 804 241 873 Δύο
272 805 339 895 γάρ
371 803 513 895 ἀριθμοὶ
545 807 581 873 ολ
607 811 706 890 Α,Β
738 803 823 894 πρός
854 831 930 874 τινα
962 804 1113 896 ἀριθμὸν

95 910 157 980 τὸν
184 918 217 980 Γ
244 917 370 1002 πρῶτοι
398 916 562 996 ἔστωσαν,
589 911 645 978 καὶ
673 907 691 977 6
720 920 754 978 A
779 909 840 979 τὸν
869 919 899 980 Β
924 921 1112 984 πολλαπλα-

96 1019 213 1099 σιάσας
244 1018 305 1087 τὸυ
332 1026 367 1084 A
397 1022 545 1086 ποιείτω·
578 1016 679 1102 λέγω,
713 1016 765 1084 ὅτι
798 1019 833 1084 ολ
862 1023 901 1103 Γ,
921 1026 955 1085 A
985 1024 1111 1108 πρῶτοι

94 1122 177 1213 πρὸς
199 1122 365 1210 ἀλλήλους
387 1127 481 1191 εἰσίν.

161 1235 206 1299 El
227 1227 292 1318 γάρ
316 1228 361 1316 μή
385 1233 471 1296 εἰσιν
496 1230 531 1295 ολ
551 1233 590 1314 Γ,
609 1236 644 1294 A
670 1232 796 1315 πρῶτοι
823 1226 907 1317 πρὸς
934 1227 1109 1318 ἀλλήλους,

41 1365 74 1414 10
94 1335 248 1424 μετρήσει
282 1339 357 1420 [τις]
390 1331 469 1415 τοὺς
500 1340 542 1421 Γ,
566 1343 599 1401 A
634 1332 790 1424 ἀριθμός.
844 1341 1019 1424 μετρείτω,
1054 1339 1109 1405 καὶ

93 1447 176 1510 ἔστω
201 1439 220 1509 6
243 1447 281 1510 E.
327 1438 383 1508 καὶ
406 1441 476 1508 ἐπεὶ
500 1443 535 1508 οἱ
555 1447 600 1527 Γ,
618 1451 651 1508 Α
678 1445 806 1529 πρῶτοι
833 1439 917 1530 πρὸς
943 1440 1109 1530 ἀλλήλους

93 1551 195 1634 εἰσίν,
226 1547 286 1616 τὸν
314 1546 352 1616 δὲ
379 1554 411 1616 Γ
438 1560 552 1637 μετρεῖ
577 1573 626 1627 τις
654 1544 799 1636 ἀριθμὸς
827 1544 846 1616 6
874 1555 919 1634 Ε,
948 1550 983 1616 ολ
1009 1549 1111 1636 Α,Ε

92 1651 158 1742 ἀρα
180 1659 308 1744 πρῶτοι
330 1652 414 1742 πρὸς
436 1652 603 1741 ἀλλήλους
626 1656 721 1721 εἰσίν.
759 1650 875 1734 ὁσάκις
898 1652 941 1740 δή
962 1651 980 1722 6
1000 1663 1033 1723 Ε
1048 1655 1107 1725 τὸν

92 1767 126 1826 A
158 1775 280 1851 μετρεῖ,
307 1765 466 1829 τοσαῦται
494 1761 638 1847 μονάδες
665 1762 815 1827 ἔστωσαν
843 1761 881 1828 ἐν
908 1764 954 1851 τῷ
980 1767 1019 1827 Ζ·
1053 1763 1108 1829 καὶ

39 1864 110 1942 156
135 1873 163 1935 Ζ
186 1867 253 1956 ἀρα
280 1865 340 1936 τὸυ
365 1875 399 1934 A
421 1879 535 1954 μετρεῖ
559 1864 641 1932 κατὰ
670 1865 730 1945 τάς
754 1867 790 1934 ἐν
818 1871 864 1958 τῷ
888 1874 920 1933 Ε
947 1867 1107 1952 μονάδας.

92 1970 109 2041 6
143 1981 175 2066 E
205 1973 271 2059 ἄρα
298 1971 358 2042 τὸν
391 1980 418 2041 Ζ
445 1971 739 2050 πολλαπλασιάσας
766 1971 827 2040 τὸν
859 1981 892 2039 Δ
918 1978 1107 2060 πεποίηκεν.

91 2076 175 2146 ἀλλὰ
209 2076 277 2164 μήν
307 2078 363 2146 καὶ
397 2075 414 2145 6
443 2086 475 2144 A
504 2074 563 2145 τὸυ
594 2085 623 2144 Β
656 2077 950 2159 πολλαπλασιάσας
979 2078 1041 2147 τὸυ
1056 2143 1057 2146 ,
1075 2089 1108 2147 Δ

89 2189 282 2271 πεποίηκεν·
315 2191 388 2263 ῖσος
419 2180 485 2270 ἀρα
518 2181 608 2250 ἐστὶν
641 2180 658 2251 6
693 2184 730 2251 ἑκ
761 2186 829 2252 τῶν
862 2192 906 2270 Ε,
931 2191 959 2253 Ζ
990 2190 1037 2278 τῷ
1071 2190 1107 2255 ἐκ

89 2294 157 2360 τῶν
180 2300 228 2375 Α,
247 2296 285 2356 Β.
331 2286 390 2357 ἐὰν
414 2289 452 2355 δὲ
476 2285 493 2354 6
517 2285 583 2355 ὑπὸ
608 2292 675 2356 τῶν
700 2288 813 2377 άκρωυ
837 2298 909 2370 ῖσος
931 2279 953 2379 ή
972 2296 1019 2383 τῷ
1038 2290 1104 2360 ὑπὸ

36 2420 71 2469 20
90 2402 160 2466 τῶν
196 2397 323 2483 μέσων,
360 2396 395 2464 ολ
424 2394 580 2482 τέσσαρες
616 2392 758 2482 ἀριθμοὶ
795 2393 966 2481 ἀνάλογόν
1005 2403 1103 2467 εἰσιν·

88 2508 178 2572 ἔστιν
202 2500 268 2590 ἀρα
291 2498 336 2581 ὡς
359 2496 377 2568 6
401 2507 433 2567 Ε
453 2499 537 2588 πρὸς
559 2497 620 2568 τὸν
643 2509 686 2586 Α,
711 2498 817 2581 οὕτως
841 2497 859 2569 6
883 2508 911 2569 Β
936 2501 1020 2591 πρὸς
1043 2502 1104 2572 τὸν

87 2618 124 2678 Ζ.
170 2611 205 2679 ολ
227 2608 265 2677 δὲ
287 2616 336 2694 Α,
356 2614 388 2674 Ε
408 2610 549 2696 πρῶτοι,
578 2609 613 2675 ολ
634 2607 673 2675 δὲ
694 2611 823 2696 πρῶτοι
840 2608 896 2675 καὶ
925 2607 1103 2695 ἐλάχιστοι,

88 2720 123 2784 οἱ
149 2715 187 2784 66
214 2714 382 2801 ἐλάχιστοι
409 2711 550 2802 ἀριθμοὶ
573 2718 641 2781 τάν
665 2712 725 2781 τὸυ
749 2711 855 2781 αὐτὸν
882 2714 987 2801 λόγου
1011 2715 1103 2802 ε’χόν·

86 2846 155 2889 τωυ
184 2818 298 2900 αὐτοῖς
325 2823 484 2909 μετροῦσι
511 2817 591 2898 τοὺς
617 2816 677 2887 τὸν
705 2819 810 2888 αὐτὸν
838 2821 942 2907 λόγου
966 2826 1102 2908 ἔχοντας

31 2948 66 2998 25
87 2926 196 3006 ἰσάκις
228 2923 247 2994 ὅ
273 2950 309 2994 τε
337 2931 456 3013 μείζων
484 2924 545 2993 τὸυ
573 2929 708 3011 μειῖοτα
735 2923 791 2992 καὶ
822 2922 840 2993 6
865 2925 1019 2995 ἐλάσσων
1041 2927 1101 2996 τὸν

87 3032 269 3119 ἐλάσσονα,
296 3033 467 3101 τουτέστιν
498 3028 517 3099 ὅ
545 3057 580 3099 τε
607 3029 795 3118 ἡγούμενος
821 3030 882 3100 τὸν
909 3029 1100 3119 ήγοάμευον

158 3270 181 3319 1.
201 3259 250 3318 ις’
271 3261 360 3331 BVp,
378 3262 450 3316 Pm.
470 3277 524 3326 reo.
580 3266 604 3318 2.
624 3261 691 3315 Ροεῖ
709 3254 833 3330 ἀριθμοί
852 3261 914 3316 add
935 3262 961 3316 V
979 3261 1020 3330 (m
1033 3265 1097 3332 ras)

86 3337 167 3403 etv:
176 3335 300 3422 πρῶτοι
381 3322 740 3419 6911660'v]mg.m.·2V.
810 3332 931 3418 πρῶτοι]
951 3348 1005 3388 om.
1031 3334 1097 3402 Vm.

120 3413 144 3460 3.
165 3396 217 3460 ἀοι
235 3405 349 3474 Pme
385 3403 495 3472 πρῶτος
520 3400 597 3457 ἔσται
620 3399 689 3471 πρὸς
712 3399 762 3456 τὸυ
782 3397 917 3473 αάτόυρ.
992 3409 1016 3457 7.
1037 3423 1096 3458 ποι-

70 3472 130 3542 ήτω
151 3498 186 3546 φ,
208 3477 261 3534 sed
279 3494 351 3533 corr
429 3477 466 3545 Γ,
487 3473 654 3547 Δ]οοοττ
670 3490 708 3526 m.
727 3479 785 3543 2ο
860 3481 900 3529 10.
920 3474 974 3545 τις]
994 3473 1095 3541 omP
