2348 3818
101 154 165 219 196
479 155 680 207 mmmm
699 149 735 219 τ’.

99 301 130 364 εἰ
160 295 226 383 γὰρ
257 295 303 382 μή
332 298 422 363 ε’στιυ
451 292 469 363 ὁ
495 302 528 362 A
550 298 618 363 τῶν
641 304 684 380 A,
702 302 742 379 Β,
762 298 795 361 Γ
817 295 974 381 μέγιστον
1000 287 1095 359 ιιοιυὸν

100 402 238 487 μέτρον,
262 400 418 487 μετρήσει
441 426 491 480 τις
513 398 592 480 τοὺς
614 410 657 486 A,
677 407 716 487 Β,
735 405 767 466 Γ
785 396 956 486 ἀριθμοὺς
973 393 1098 482 ἀριθμὸς

98 509 218 592 μείζων
246 500 296 571 (ὃν
324 507 387 572 τοῦ
416 514 457 572 A.
508 511 681 592 μετρείτω,
713 504 770 571 καὶ
803 509 887 573 ἔστω
914 501 932 573 ὁ
962 510 1001 572 Ε.
1047 497 1100 569 ἐτεὶ

103 601 167 677 οὖν
200 606 218 677 6
248 617 280 676 Ε
304 608 384 690 τοὺς
412 619 454 695 A,
474 618 513 695 Β,
534 616 566 677 Γ
588 624 714 698 μετρεῖ,
747 611 803 677 καὶ
830 609 910 690 τοὺς
936 616 1024 694 A,B
1050 605 1101 690 ἀρα

68 745 83 794 6
104 714 271 802 μετρήσει·
298 716 354 782 καὶ
377 714 414 782 τὸ
439 719 508 784 τῶν
531 725 578 802 A,
597 723 625 783 Β
649 714 716 804 ἀρα
742 718 901 803 μέγιστον
923 712 1040 784 κοινὸν
1060 711 1102 798 με’-

103 848 184 910 τρου
208 821 371 910 μετρήσει.
394 819 453 888 ’τὸ
480 823 518 889 δὲ
540 826 608 889 τῶν
631 830 674 907 A,
693 829 721 889 Β
746 824 903 908 μέγιστον
925 819 1041 888 κοινὸν
1059 817 1102 904 με’-

102 953 183 1014 τρου
216 928 307 996 ἐστὶν
336 925 354 995 6
384 937 429 994 A·
458 927 476 995 6
507 935 539 994 Ε
563 925 628 1014 ἀρα
655 926 716 995 τὸυ
746 935 779 993 A
806 941 920 1014 μετρεῖ
950 923 968 994 6
1002 930 1101 1012 μείζων

101 1032 163 1101 τὸν
192 1032 373 1100 ἐλάσσουα·
407 1032 488 1120 ὅπερ
520 1033 611 1101 ἐστὶν
634 1031 815 1101 ἀδύνατον.
857 1029 920 1100 οὐκ
952 1031 1017 1120 ἀρα
1041 1027 1101 1105 τοὺς

103 1148 150 1224 A,
170 1147 214 1224 Β,
235 1145 266 1205 Γ
290 1136 458 1225 ἀριθμοὺς
486 1136 633 1228 ἀριθμός
659 1165 709 1218 τις
740 1137 895 1225 μετρήσει
923 1143 1040 1225 μείζων
1065 1130 1099 1203 ἀν

51 1248 165 1314 10τοῦ
191 1254 236 1310 A·
261 1244 278 1312 6
305 1252 338 1312 A
361 1243 427 1331 ἀρα
450 1249 518 1313 τῶν
541 1255 587 1331 A,
607 1252 652 1330 Β,
670 1251 703 1312 Γ
726 1243 883 1330 μέγιστόν
912 1246 982 1311 ἐστι
1003 1238 1098 1310 κοινὸν

104 1351 237 1438 μέτρου.

167 1453 227 1541 Μή
260 1463 416 1543 μετρείτω
446 1457 487 1544 δή
516 1457 534 1526 6
560 1466 593 1524 A
616 1455 677 1525 τὸυ
700 1463 740 1524 Γ·
770 1458 856 1542 λέγω
886 1461 1035 1542 πρῶτον,
1058 1449 1095 1518 ὅτι

103 1565 137 1629 οἱ
164 1567 205 1647 Γ,
225 1570 259 1628 A
290 1562 351 1630 οὔκ
379 1568 441 1631 εἰσι
470 1568 596 1651 πρῶτοι
627 1562 711 1649 πρὸς
740 1560 915 1649 ἀλλήλους,
962 1563 1029 1630 ἐπεὶ
1052 1555 1096 1646 γὰρ

103 1672 137 1736 οἱ
159 1678 201 1755 A,
221 1677 260 1755 Β,
282 1675 314 1737 Γ
333 1667 396 1737 οάιι
420 1674 484 1737 εἰσι
508 1674 634 1758 πρῶτοι
657 1667 740 1755 ιιρός
763 1666 944 1755 ἀλλήλους,
969 1667 1099 1755 μετρήσει

51 1795 83 1843 15
102 1798 151 1854 τις
180 1773 302 1854 αὐτοὺς
331 1773 484 1863 ἀριθμός.
531 1776 548 1844 6
576 1775 617 1862 δή
641 1773 720 1854 τοὺς
743 1786 784 1860 Α,
804 1783 844 1859 Β,
864 1780 897 1841 Γ
915 1778 1041 1863 μετρῶν
1060 1764 1101 1838 καὶ

101 1879 181 1960 τοὺς
204 1889 250 1966 A,
269 1890 298 1948 Β
322 1882 492 1968 μετρήσει,
522 1879 638 1949 καὶτὸ
664 1886 732 1950 τεόυ
757 1891 803 1967 A,
822 1889 851 1948 B
874 1881 1030 1967 μέγιστον
1050 1899 1101 1945 τοι·

101 1985 164 2054 υόυ
198 1988 319 2074 μέτρον
352 1987 413 2054 τὸν
442 1996 475 2052 A
509 1987 676 2078 μετρήσει·
708 2001 821 2075 μετρεῖ
847 1987 885 2054 δὲ
916 1989 972 2055 καὶ
999 1989 1034 2055 τὸ
1072 1981 1096 2048 Γ
1097 1996 1130 2081 “,

103 2091 180 2170 τοὺς
209 2099 257 2176 A,
276 2097 309 2158 Γ
336 2090 402 2179 ἀρα
431 2090 599 2179 ἀριθμοὺς
633 2090 779 2182 ἀριθμός
809 2121 859 2174 τις
889 2093 1052 2183 μετρήσει·
1079 2083 1105 2151 οἶ

104 2205 152 2280 A,
171 2200 204 2261 Γ
222 2194 289 2282 ἀρα
313 2195 376 2262 οὔκ
399 2201 463 2263 εἰσι
486 2201 612 2284 πρῶτοι
639 2196 722 2286 πρὸς
748 2196 923 2286 ἀλλήλους.
970 2197 1103 2284 εἰλήφθω

52 2322 86 2370 20
106 2292 170 2369 οὖν
195 2299 307 2368 αὐτῶν
330 2300 368 2368 τὸ
393 2303 549 2388 μέγιστον
567 2302 686 2372 κοιυὸυ
710 2306 832 2392 με’τρου
852 2302 870 2372 6
891 2312 928 2372 E.
975 2305 1030 2372 καὶ
1050 2292 1104 2370 ἐπεὶ

104 2405 122 2475 6
147 2414 179 2473 E
199 2405 259 2475 τὸυ
284 2415 317 2473 A
340 2423 465 2495 μετρεῖ,
490 2407 506 2477 6
533 2409 570 2477 δὲ
594 2418 627 2476 A
650 2407 730 2488 τοὺς
753 2419 800 2494 Α,
821 2418 850 2476 Β
874 2423 1000 2497 μετρεῖ,
1022 2395 1103 2475 καὶὸ

104 2521 136 2580 Ε
157 2512 223 2602 ἀρα
245 2511 324 2593 τοὺς
346 2524 393 2599 A,
417 2522 445 2581 Β
469 2530 592 2602 μετρεῖ·
623 2529 736 2602 μετρεῖ
762 2515 876 2583 δὲκαὶ
900 2513 961 2584 τὸυ
986 2522 1024 2583 Γ·
1045 2510 1061 2581 6
1082 2508 1106 2571 Ε

104 2619 171 2710 ἀρα
188 2621 268 2701 τοὺς
288 2631 330 2707 A,
349 2629 390 2707 Β,
409 2627 440 2688 Γ
459 2636 582 2710 μετρεῖ·
607 2619 625 2688 6
650 2629 682 2688 E
703 2620 770 2708 ἀρα
793 2627 862 2690 τῶν
883 2631 925 2707 A,
945 2630 986 2709 Β,
1006 2627 1106 2690 Γιιοι·

105 2727 168 2795 υόυ
201 2731 269 2795 ἐστι
307 2728 437 2816 μέτρου.
484 2728 573 2813 Ιλέγω
612 2727 670 2814 δή,
691 2726 755 2801 ,ὅτι
788 2729 844 2795 καὶ
877 2729 1041 2815 μέγιστον.
1084 2716 1107 2783 εἰ

54 2858 89 2908 25
106 2830 170 2918 γὰρ
199 2832 244 2918 μή
273 2835 363 2901 ἐστιν
394 2832 412 2901 6
436 2842 468 2900 E
489 2838 556 2902 τῶν
580 2844 622 2919 A,
642 2842 681 2920 B,
702 2841 734 2901 Γ
756 2833 793 2903 τὸ
823 2837 980 2923 μέγιστον
1006 2822 1107 2901 κοινὸν

180 3049 205 3098 1.
224 3039 290 3115 μάρ]
311 3061 380 3099 corr.
401 3061 435 3098 ex
452 3066 488 3114 μοι
508 3064 544 3100 m.
564 3053 579 3100 2
599 3047 630 3099 P.
666 3043 764 3101 κοινὸν
784 3046 915 3116 μέγιστον
927 3046 962 3101 V.
1026 3052 1047 3100 3.
1065 3027 1107 3098 ὧν]

108 3131 162 3168 om.
183 3114 215 3168 V.
306 3121 332 3169 4.
352 3105 417 3185 οὖν]
438 3133 491 3171 om.
511 3115 595 3185 BFp.
687 3124 711 3172 7.
731 3118 773 3188 E]
798 3134 868 3172 corr.
892 3135 927 3172 ex
951 3122 977 3171 Γ
997 3136 1031 3171 m.
1053 3100 1107 3167 ΒΕ·

146 3190 170 3240 8.
192 3181 281 3255 ἐστίν]
310 3202 364 3241 om.
388 3186 441 3255 ΒΡ.
533 3193 557 3241 9.
581 3182 717 3259 ἀριθμός]
741 3205 794 3243 om.
818 3188 848 3241 Γ.
939 3190 991 3257 τις]
1015 3202 1063 3240 om.
1084 3171 1108 3227 Ρ·

109 3248 163 3327 ἀν]
184 3272 237 3311 om.
257 3256 288 3309 P.
381 3263 423 3311 12.
443 3254 497 3328 μή]
523 3274 607 3327 supra
630 3259 659 3312 F.
751 3266 791 3314 13.
812 3263 845 3327 Γ,
864 3259 906 3329 A]
933 3264 972 3327 A,
993 3262 1019 3311 Γ
1036 3246 1108 3312 BVP·

147 3333 190 3382 15.
211 3323 335 3413 ἀριθμὸς
353 3323 457 3390 αὐτούς
475 3328 505 3380 Γ.
561 3326 639 3398 τούς]
659 3346 728 3384 corr.
748 3346 782 3384 ex
799 3329 850 3383 τοῦ
869 3347 906 3384 m.
927 3346 981 3386 rec.
996 3329 1025 3383 1⁴¹.
1075 3317 1108 3372 1⁷·

34 3438 37 3443 -
109 3393 172 3470 τότε]
201 3416 233 3452 το
258 3397 320 3454 FV.
358 3394 489 3468 μετρήσει
516 3395 566 3452 τὸν
591 3405 616 3453 A
641 3418 668 3468 p.
761 3406 801 3455 18.
821 3395 976 3471 ἀριθμούς]
994 3417 1029 3452 m.
1047 3403 1060 3449 2
1077 3383 1108 3444 V;

109 3486 161 3526 om.
190 3469 248 3526 BF,
340 3464 482 3540 ἀριθμός]
502 3468 537 3536 F,
562 3464 703 3539 ἀριθμούς
729 3491 759 3539 φ.
850 3477 893 3526 21.
913 3471 1028 3543 μετρεῖ]
1049 3453 1107 3533 (³16¹)
