2348 3818
99 139 163 204 162
477 140 679 193 ΣΤΟΙΧΕΙΩΝ
698 134 739 192 5¹.

574 358 639 418 κη.

166 453 278 543 Παρδι
315 454 387 542 τὴν
425 459 621 524 δοθεῖσαν
659 453 827 524 εὐθεῖαν
862 458 913 546 τῷ
952 455 1122 522 δοθέντι

100 559 368 652 εὐθυγράμμῳ
412 570 500 630 ῖσον
540 559 958 648 παραλληλόγραμμον
995 581 1122 645 παρα-

100 672 237 753 βαλεῖν
256 668 442 736 ἐλλεῖπον
461 671 560 736 εῖδει
579 665 979 755 παραλληλογράμμῳ
996 661 1121 754 ὁμοίῳ

65 777 149 863 οτῳ
174 773 351 840 δοθέντι·
377 777 439 841 δεῖ
460 773 503 842 δὲ
525 771 566 841 τὸ
586 771 806 859 διδόμενον
825 769 1122 859 εὐθύγραμμον

100 869 142 969 [ῳ
170 882 233 945 δεῖ
257 886 348 947 ίσον
375 884 637 968 παραβαλεῖν]
667 877 716 965 μὴ
745 883 879 964 μεῖζον
908 874 1016 944 εἶναι
1049 875 1121 944 τού

99 980 173 1052 ἀπὸ
205 988 273 1070 τὴς
304 983 487 1071 ἡμισείας
519 982 858 1072 ἀναγραφομένου
891 980 1038 1069 ὁμοίου
1070 987 1120 1075 τῷ

100 1092 329 1176 ἐλλείμματι
354 1093 437 1172 [τοῦ
460 1115 499 1157 τε
522 1087 597 1157 ἀπὸ
622 1093 689 1176 τὴς
713 1085 896 1176 ἡμισείας
918 1088 985 1155 καὶ
1010 1080 1123 1180 ᾦδεῖ

100 1195 246 1281 ὅμοιον
270 1197 493 1278 ἐλλείπειν].

49 1320 82 1368 10
159 1300 267 1368 Ἔστω
292 1298 312 1387 ἡ
337 1300 399 1387 μὲν
423 1305 565 1369 δοθεῖσα
589 1299 707 1369 εὐθεῖα
730 1299 750 1388 ἡ
774 1309 855 1387 ΑΒ,
885 1298 922 1369 τὸ
948 1298 986 1367 δὲ
1012 1300 1121 1369 δοθὲν

100 1405 359 1492 εὐθύγραμμον,
383 1397 411 1498 ᾧ
435 1411 488 1475 δεῖ
510 1416 584 1474 ῖσον
608 1405 698 1494 παρὰ
721 1405 785 1493 τὴν
808 1414 873 1475 ΑΒ
896 1411 1122 1494 παραβαλεῖν,

99 1509 138 1579 τὸ
161 1517 194 1578 Γ
217 1511 260 1598 μὴ
291 1519 403 1599 μεῖζον
432 1509 501 1598 [ὂν]
530 1517 592 1580 τοῦ
617 1512 681 1581 ἀπὸ
709 1517 768 1599 τῆς
794 1510 945 1598 ἡμισείας
967 1516 1032 1598 τῆς
1056 1520 1122 1580 AB

101 1614 384 1706 ἀναγραφομένου
404 1616 524 1706 ὁμοίου
542 1622 587 1710 τῷ
608 1621 808 1705 ἐλλείμματι,
826 1608 854 1710 ᾦ
874 1616 912 1685 δὲ
930 1621 985 1685 δεῖ
999 1617 1123 1706 ὅμοιον

239 1798 609 1857 θΠθΖ

101 2639 276 2723 ἐλλείπειν,
304 2662 342 2706 το
367 2646 413 2704 Δ·
442 2641 495 2705 δεῖ
522 2635 563 2723 δὴ
586 2634 675 2725 παρὰ
700 2636 763 2723 τὴν
787 2641 951 2707 δοθεῖσαν
975 2639 1123 2714 εὐθεῖαν

48 2770 82 2820 15
101 2741 162 2828 τὴν
186 2751 252 2810 ΑΒ
275 2747 320 2835 τῷ
350 2744 487 2811 δοθέντι
510 2740 739 2832 εὐθυγράμμῳ
766 2746 812 2835 τῷ
835 2748 868 2810 Γ
887 2751 964 2811 ῖσον
991 2757 1123 2836 παραλ-

101 2847 338 2936 ληλόγραμμον
371 2854 576 2935 παραβαλεῖν
608 2851 760 2916 ἐλλεῖπον
792 2852 873 2917 εῖδει
906 2861 1122 2941 παραλληλο-

101 2951 241 3044 γράμμῳ
265 2950 371 3045 ὁμοίῳ
396 2953 469 3022 ἀντι
491 2958 536 3045 τῳ
561 2962 603 3021 Δ.

172 3057 353 3145 Τετμήσθω
385 3056 406 3146 ἡ
435 3067 500 3126 ΑΒ
530 3062 606 3146 δίχα
638 3058 720 3126 κατά
749 3057 787 3127 τὸ
815 3067 847 3127 Ε
872 3074 1032 3149 σημεῖον,
1061 3065 1120 3133 καί

102 3160 350 3251 ἀναγεγράφθω
376 3162 441 3231 ἀπὸ
465 3168 524 3250 τῆς
546 3172 609 3231 ΕΒ
633 3169 678 3255 τῷ
703 3173 736 3231 Δ
759 3162 878 3251 ὅμοιον
906 3166 961 3233 καὶ
990 3165 1119 3254 ὁμοίως

174 3382 197 3430 1.
216 3370 282 3446 κη’]
302 3392 354 3430 om.
376 3375 411 3441 1⁴¹3
431 3371 475 3447 λβ’
495 3393 522 3445 p.
604 3383 629 3430 2.
650 3371 782 3447 εὐθεῖαν]
807 3395 833 3430 m
857 3421 862 3433 .
882 3395 919 3431 m.
939 3383 954 3431 1
972 3377 1005 3432 P.
1090 3385 1115 3434 3.

101 3441 293 3516 παραβάλλειν
312 3447 344 3500 V.
438 3451 462 3501 5.
482 3446 537 3518 τῷ]
567 3441 627 3500 ὄντι
651 3446 689 3517 τῷ
708 3445 740 3501 V.
832 3395 881 3517 ὁέ]
907 3445 943 3516 δή
965 3445 1115 3519 PBFVp3
