2348 3818
354 110 630 164 mastaurorum
647 111 758 162 LIBER
774 106 808 162 V.
1072 107 1094 172 5

149 256 177 320 7.
201 251 260 319 Sin
289 275 328 318 ex
351 275 452 339 aeque
480 254 714 339 multiplicibus
722 252 743 330 ¹)
771 255 895 340 primae
923 251 1093 336 multiplex

78 361 295 445 multiplicem
314 359 472 426 secundae
491 365 635 446 superat,
658 363 776 427 tertiae
795 363 904 426 autem
922 358 1093 441 multiplex

75 466 296 550 multiplicem
315 469 450 551 quartae
468 488 534 532 non
554 471 698 553 superat,
716 471 788 533 tum
806 466 913 552 prima
927 464 968 529 ad
983 485 1093 530 secun·

48 603 50 606 >
80 573 156 637 darn
188 573 346 638 maiorem
379 574 542 639 rationem
573 573 694 640 habere
727 573 845 639 dicitur
867 593 965 656 quam
995 571 1094 635 tertia

77 679 119 745 ed
143 682 304 764 quartam.

145 785 176 849 8.
200 783 375 868 Propertio
404 790 512 850 autem
540 785 575 851 in
602 785 706 850 tribus
734 783 883 849 terminis
910 783 1092 848 consistens

77 891 217 956 minima
236 895 295 955 est.

146 998 178 1061 9.
199 995 235 1061 Si
244 1001 312 1061 tres
326 996 567 1082 magnitudines
580 991 877 1081 proportionalesl)
892 996 976 1077 sunt,
989 993 1094 1093 prima

77 1103 119 1168 ad
147 1103 283 1167 tertiam
310 1102 509 1186 duplicatam
536 1101 696 1167 rationem
725 1123 823 1186 quam
851 1100 891 1165 ad
920 1099 1094 1165 secundam

78 1209 201 1273 habere
224 1208 352 1273 dicitur.

151 1313 203 1379 10.
234 1311 291 1378 Sin
329 1317 483 1397 quattuor
518 1315 760 1400 magnitudines
797 1309 1091 1398 proportionales⁸)

86 1421 178 1501 sunt,
196 1419 300 1502 prima
328 1418 369 1483 ad
396 1423 544 1503 quartam
576 1421 776 1506 triplicatam
805 1420 967 1485 rationem
997 1440 1094 1503 quam

83 1525 124 1588 ad
148 1525 320 1589 secundam
343 1525 462 1590 habere
479 1525 615 1610 dieitur,
646 1531 678 1590 et
701 1525 812 1591 eodem
840 1526 936 1591 modo
965 1545 1092 1610 semper

80 1630 250 1715 deinceps,
277 1631 510 1715 qualiscunque
533 1632 610 1695 data
634 1634 684 1694 est
707 1632 885 1715 proportio.

152 1737 473 1820 interponentes
505 1736 746 1822 magnitudines
782 1735 933 1800 dicuntur
965 1757 1092 1820 praece-

79 1844 198 1908 dentes
221 1843 501 1927 praecedentibus,
524 1845 695 1926 sequentes
721 1839 940 1925 sequentibus.

143 1936 199 2013 Ι12.
223 1949 413 2014 Permutata
441 1949 525 2014 ratio
556 1941 619 2032 est,
650 1949 707 2014 ubi
736 1947 876 2012 sumitur
899 1946 1093 2033 praecedens

80 2057 123 2122 ad
148 2056 393 2139 praecedentem
417 2060 449 2119 et
472 2077 608 2140 sequens
632 2054 673 2120 ad
694 2043 892 2139 sequentem.

152 2161 202 2225 13.
225 2161 361 2225 Inuersa
382 2161 468 2226 ratio
492 2165 550 2244 est,
574 2161 630 2226 ubi
654 2161 794 2226 sumitur
813 2181 950 2244 sequens
968 2182 1096 2244 praece-

82 2267 195 2332 dentis
219 2267 291 2331 loeo
316 2267 355 2331 ad
379 2267 625 2350 praecedentem
649 2267 815 2350 sequentis
837 2268 919 2332 loco.

153 2374 203 2438 14.
227 2371 429 2456 Compositio
460 2374 598 2438 rationis
629 2376 690 2456 est,
717 2373 774 2437 ubi
802 2374 938 2436 sumitur
965 2394 1092 2457 praece·

77 2481 160 2544 dens
185 2500 258 2542 cum
282 2480 431 2562 sequenti
449 2501 508 2564 pro
528 2501 593 2543 une
613 2478 653 2542 ed
675 2478 778 2543 solam
805 2482 1001 2562 sequentem.

79 2623 295 2632 ———

153 2673 179 2738 1)
200 2673 261 2724 Non
289 2686 385 2724 omnes
408 2686 496 2738 aeque
524 2667 696 2737 multiplices
725 2685 785 2723 esse
818 2668 934 2737 debent,
963 2668 1012 2722 sed
1039 2669 1094 2738 pri-

79 2758 145 2866 mas
162 2743 202 2865 fet
222 2740 330 2799 ‚tertiae
358 2756 447 2809 aeque
475 2739 659 2808 multiplices,
687 2739 824 2794 secundae
853 2742 883 2794 et
909 2741 1034 2808 quartae,
1063 2743 1096 2794 ut

78 2813 111 2866 in
146 2817 220 2867 e.5.

153 2885 181 2953 2)
201 2882 244 2937 Sc.
269 2881 400 2951 deinceps
425 2877 507 2952 (κατὰ
532 2876 563 2935 τὸ
588 2879 727 2950 συνεχές),
750 2881 778 2936 h.
799 2899 822 2938 e.
842 2882 866 2935 si
885 2883 1094 2950 azb=b:c,

79 2951 391 3008 erita20=a22b².

152 3027 179 3092 3)
200 3024 242 3076 Sc.
269 3023 401 3092 deinceps
427 3018 509 3092 (κατὰ
533 3019 565 3076 τὸ
591 3021 730 3092 συνεχές);
755 3023 802 3077 cfr.
826 3019 878 3092 XI,
902 3030 945 3078 33.
970 3023 997 3077 h.
1022 3040 1045 3077 e.
1071 3024 1095 3077 si

78 3092 761 3162 cet=bec=c:d‚eritazd=a³rb³.

81 3287 136 3352 ἕως
155 3266 222 3357 Fv',
234 3306 256 3373 p
270 3307 306 3342 m.
326 3305 381 3342 rec.
455 3294 497 3344 15.
517 3284 674 3368 ἡγούμενα]
690 3284 721 3356 ἡ·
737 3304 752 3341 e
771 3304 840 3343 corr.
854 3306 891 3341 m.
911 3295 927 3342 2
946 3287 979 3341 V.
1053 3289 1096 3338 16.

77 3356 113 3413 τὰ
134 3359 168 3414 δὲ
189 3356 316 3430 irreperet
340 3359 410 3429 τοῖς]
433 3377 470 3413 rn.
495 3365 511 3412 2
535 3375 565 3412 1n
592 3375 644 3413 res.
668 3358 702 3413 V.
776 3365 817 3414 19.
847 3353 921 3413 ἐστίν
949 3357 978 3412 F.
1051 3357 1096 3408 21.

78 3425 156 3485 ἐστίν
169 3428 202 3484 Β,
274 3430 338 3501 τοῦ]
357 3430 454 3485 insert.
472 3447 509 3483 m.
530 3437 545 3484 2
564 3429 594 3484 F.
1029 3434 1105 3592 1
