2348 3818
347 109 622 185 mamnnonuu
638 110 748 162 81888
767 111 800 165 v.
1075 108 1094 172 ἰ

150 254 202 322 15.
225 251 413 320 subtractio
436 254 574 320 rationis
597 258 661 338 eet,
688 255 745 320 ubi
768 255 907 319 sumitur
935 275 1095 338 excessus,

79 385 146 448 quo
160 360 358 446 praecedens
372 364 561 446 sequentem
572 359 705 446 excedit,
720 360 761 425 ad
776 362 881 427 solam
896 364 1094 445 sequentem.

151 467 200 533 16.
230 465 409 533 Conuereio
436 467 577 532 rationis
610 469 673 549 eet,
705 467 762 532 ubi
793 468 933 533 sumitur
963 488 1095 552 praeoe-

40 609 42 612 >
82 575 163 640 dens
186 573 228 639 ad
252 593 429 656 excessum,
452 594 515 658 quo
538 571 734 657 praecedens
759 577 945 658 sequentem
959 573 1095 639 excedit.

151 683 203 748 17.
226 679 323 746 Datis
347 681 569 764 compluribus
592 679 872 766 magnitudinibus
897 683 930 745 et
958 680 1030 745 aliis
1053 681 1095 746 iis

77 809 219 854 numero
252 787 455 871 aequalibus,
485 786 534 852 ita
557 789 594 852 ut
626 785 696 851 bini
723 785 887 851 coniuncti
918 786 952 851 in
984 787 1096 852 eadem

77 896 209 961 ratione
242 895 320 978 sint,
357 915 396 958 ex
428 914 531 977 aequo
568 891 652 958 ratio
686 895 750 976 est,
786 891 843 956 ubi
879 891 953 975 erit,
991 896 1028 958 ut
1062 894 1096 958 in

79 999 247 1085 prioribus
272 999 551 1086 magnitudinibus
574 999 681 1083 prima
704 997 744 1062 ad
773 1001 962 1077 extremam,
992 999 1040 1063 118
1062 1000 1097 1063 in

79 1106 195 1172 alteris
213 1105 493 1191 magnitudinibus
512 1106 618 1191 prima
636 1104 677 1169 ad
696 1107 882 1170 extremam.
914 1104 967 1168 uel
987 1104 1096 1170 aliter:

79 1213 141 1277 ubi
162 1212 294 1278 termini
317 1212 492 1278 exteriores
516 1214 688 1277 sumuntur
712 1210 841 1277 omissis
866 1208 1018 1289 mediis¹l

155 1318 205 1382 18.
225 1318 422 1383 Perturbata
449 1322 558 1383 autem
586 1318 671 1382 ratio
700 1321 764 1400 est,
793 1317 851 1382 ubi
879 1316 963 1382 datis
991 1317 1095 1382 tribus

87 1424 363 1509 magnitudinibus
388 1430 421 1489 et
444 1425 516 1489 aliis
540 1445 675 1489 numero
703 1424 743 1489 iis
768 1424 957 1508 aequalibus
987 1426 1098 1488 estut

84 1532 121 1618 in
147 1529 312 1615 prioribus
340 1530 618 1616 magnitudinibus
647 1529 842 1614 praecedens
872 1529 1031 1594 terminus
1056 1528 1097 1593 ad

81 1640 289 1722 sequentem,
314 1637 363 1701 ita
389 1638 423 1700 in
451 1636 562 1701 alteris
592 1635 868 1719 magnitudinibus
900 1634 1096 1717 praecedens

80 1743 124 1808 ad
162 1747 366 1827 sequentem,
403 1746 435 1808 et
471 1747 509 1807 ut
545 1743 580 1805 in
615 1739 778 1824 prioribus
816 1738 1096 1823 magnitudinibus

80 1870 224 1934 sequens
238 1849 280 1914 ad
293 1849 392 1932 aliud,
409 1849 459 1913 ita
474 1849 509 1913 in
524 1848 635 1913 alteris
651 1844 738 1911 aliud
752 1844 793 1909 ad
811 1841 1095 1931 praecedentemd)

578 2025 594 2090 I

152 2130 187 2197 Si
220 2132 314 2197 datae
352 2135 429 2196 sunt
463 2131 624 2215 quotlibet
662 2131 904 2216 magnitudines
938 2129 1098 2214 quotlibet

83 2239 347 2325 magnitudinum
370 2259 503 2302 numero
524 2238 706 2322 aequalium
726 2236 872 2323 singulae
896 2236 1098 2321 singularum

83 2367 186 2430 aeque
205 2345 413 2428 multiplices,
432 2345 558 2429 quoties
577 2343 747 2426 multiplex
762 2347 812 2408 est
829 2366 893 2408 una
907 2343 1098 2427 magnitudo

83 2451 195 2534 unius,
223 2450 321 2515 toties
351 2450 449 2514 etiam
474 2471 585 2515 omnes
609 2449 754 2522 omnium
778 2453 871 2513 erunt
894 2449 1098 2533 multiplices.

164 2609 189 2673 1)
209 2605 1098 2683 Siazb:e=uzss:y,ratioexaequoerita:c=u:y.

85 2676 135 2731 cfr.
153 2694 234 2746 prop.
255 2683 298 2731 22.
484 2686 489 2697 ’

159 2747 236 2817 2)Η.
252 2764 275 2802 e.
291 2745 1100 2819 8118118α,1,8,α,β,γ881αεότ-ιβεγ81ὒεοπαεβ.

88 2819 138 2874 cfr.
156 2834 236 2888 prop.
257 2825 300 2874 23.
948 2819 951 2824 ’

87 2960 145 3011 seq.
179 2941 335 3012 τεταγμένη
359 2940 403 3012 (δέ
427 2943 490 2997 add.
518 2943 539 2995 F
568 2944 597 2996 et
615 2942 639 2995 V
658 2961 694 2997 m.
713 2946 741 3011 2)
765 2937 904 3030 &eulogie
923 2938 1006 3010 ἐστίν,
1030 2935 1100 2998 ὅταν

85 3005 104 3084 ᾗ
130 3008 169 3075 eie
190 3009 351 3082 ἡγούμενον
375 3009 445 3082 πρὸς
468 3009 511 3081 (τό
536 3013 600 3068 add.
614 3012 650 3079 V)
671 3010 812 3082 ἑπόμενον
830 3033 921 3076 ουτως
938 3010 1099 3082 ἡγούμενον

87 3079 258 3153 (ἡγούμενος
275 3085 309 3171 qr)
328 3079 398 3153 πρὸς
417 3080 460 3153 (τό
480 3083 544 3138 add.
562 3084 598 3152 V)
626 3081 777 3153 ἑπόμενον,
805 3074 824 3153 ᾖ
847 3083 880 3138 δὲ
906 3083 955 3138 nul
974 3079 1011 3145 ὡς
1036 3080 1101 3138 ἑπό-

87 3173 176 3222 μενον
194 3151 265 3223 πρὸς
285 3159 352 3209 atto
370 3175 397 3208 τι
416 3149 506 3217 οὕτως
534 3150 676 3225 ἑπόμενον
694 3151 765 3223 πρὸς
783 3149 850 3209 ἄλλο
869 3174 897 3207 τι
914 3152 1003 3222 nvp,
1022 3154 1045 3206 Β
1063 3171 1100 3206 m.

87 3231 118 3292 2,
137 3224 159 3278 P
178 3243 215 3279 m.
233 3241 303 3293 rec.;
330 3243 384 3281 om.
403 3225 453 3279 PB
472 3243 508 3278 m.
530 3231 558 3292 1,
582 3226 611 3278 et
638 3242 701 3278 cum
725 3225 853 3291 sequenti
876 3223 1047 3292 Campanus,
1067 3223 1101 3277 de

87 3295 201 3350 Herone
229 3296 346 3350 dubium
365 3298 407 3351 est
426 3295 489 3365 (def.
515 3301 574 3362 127,
596 3298 632 3365 7).
669 3311 806 3362 nusquam
829 3296 985 3363 usurpatur.
1060 3297 1099 3347 le.

88 3367 159 3420 ἴσων
178 3360 275 3429 αὐτοῖς
294 3367 327 3421 V.
408 3366 488 3437 ἴσων]
508 3368 569 3420 ἴσον
590 3386 612 3435 φ
631 3369 700 3436 (non
717 3367 760 3437 dl.
844 3371 894 3420 11.
910 3362 989 3433 qtae

125 3441 169 3493 25.
187 3434 421 3494 τοσαυταπλάσια
440 3458 463 3510 φ
484 3440 555 3512 (non
571 3438 616 3514 F).
981 3358 1099 3595 p
