<?xml version="1.0" encoding="UTF-8"?>
<!DOCTYPE html PUBLIC "-//W3C//DTD XHTML 1.0 Transitional//EN"
    "http://www.w3.org/TR/xhtml1/DTD/xhtml1-transitional.dtd">
<html xmlns="http://www.w3.org/1999/xhtml" xml:lang="en" lang="en">
 <head>
  <title>
</title>
<meta http-equiv="Content-Type" content="text/html;charset=utf-8" />
  <meta name='ocr-system' content='tesseract 3.04.00' />
  <meta name='ocr-capabilities' content='ocr_page ocr_carea ocr_par ocr_line ocrx_word'/>
</head>
<body>
  <div class='ocr_page' id='page_1' title='image "./euclidisoperaom15unkngoog_0359.png"; bbox 0 0 2348 3818; ppageno 0'>
   <div class='ocr_carea' id='block_1_1' title="bbox 99 175 729 247">
    <p class='ocr_par' dir='ltr' id='par_1_1' title="bbox 99 175 729 247">
     <span class='ocr_line' id='line_1_1' title="bbox 99 175 729 247; baseline 0.005 -16"><span class='ocrx_word' id='word_1_1' title='bbox 99 179 165 244; x_wconf 83' lang='lat'><strong><em>336</em></strong></span> <span class='ocrx_word' id='word_1_2' title='bbox 469 175 729 247; x_wconf 59' lang='grc' dir='ltr'><strong><em>Στουιοιυοηκ</em></strong></span> 
     </span>
    </p>
   </div>
   <div class='ocr_carea' id='block_1_2' title="bbox 51 398 1117 1854">
    <p class='ocr_par' dir='ltr' id='par_1_2' title="bbox 579 398 638 441">
     <span class='ocr_line' id='line_1_2' title="bbox 579 398 638 441; baseline 0.034 -2"><span class='ocrx_word' id='word_1_3' title='bbox 579 398 638 441; x_wconf 89' lang='grc' dir='ltr'><strong><em>κε.</em></strong></span> 
     </span>
    </p>

    <p class='ocr_par' dir='ltr' id='par_1_3' title="bbox 101 493 1113 798">
     <span class='ocr_line' id='line_1_3' title="bbox 164 493 1111 585; baseline 0.002 -22"><span class='ocrx_word' id='word_1_4' title='bbox 164 493 252 564; x_wconf 78' lang='grc' dir='ltr'><strong><em>Ἐὰν</em></strong></span> <span class='ocrx_word' id='word_1_5' title='bbox 272 495 343 563; x_wconf 75' lang='grc' dir='ltr'><strong><em>δύο</em></strong></span> <span class='ocrx_word' id='word_1_6' title='bbox 363 493 531 585; x_wconf 76' lang='grc' dir='ltr'><strong><em>ἀριθμοί</em></strong></span> <span class='ocrx_word' id='word_1_7' title='bbox 549 494 646 585; x_wconf 79' lang='grc' dir='ltr'><strong><em>πρὸς</em></strong></span> <span class='ocrx_word' id='word_1_8' title='bbox 664 493 860 582; x_wconf 74' lang='grc' dir='ltr'><strong><em>ἀλλήλους</em></strong></span> <span class='ocrx_word' id='word_1_9' title='bbox 882 495 1011 583; x_wconf 83' lang='grc' dir='ltr'><strong><em>λόγον</em></strong></span> <span class='ocrx_word' id='word_1_10' title='bbox 1030 500 1111 584; x_wconf 78' lang='grc' dir='ltr'><strong><em>ἐχω-</em></strong></span> 
     </span>
     <span class='ocr_line' id='line_1_4' title="bbox 101 599 1112 691; baseline 0.002 -21"><span class='ocrx_word' id='word_1_11' title='bbox 101 623 180 688; x_wconf 97' lang='grc' dir='ltr'><strong><em>σιν,</em></strong></span> <span class='ocrx_word' id='word_1_12' title='bbox 214 599 260 670; x_wconf 81' lang='grc' dir='ltr'><strong><em>ὃν</em></strong></span> <span class='ocrx_word' id='word_1_13' title='bbox 290 602 412 689; x_wconf 81' lang='grc' dir='ltr'><strong><em>κύβος</em></strong></span> <span class='ocrx_word' id='word_1_14' title='bbox 440 601 613 688; x_wconf 78' lang='grc' dir='ltr'><strong><em>ἀριθμὸς</em></strong></span> <span class='ocrx_word' id='word_1_15' title='bbox 643 600 740 691; x_wconf 83' lang='grc' dir='ltr'><strong><em>πρὸς</em></strong></span> <span class='ocrx_word' id='word_1_16' title='bbox 766 602 892 689; x_wconf 81' lang='grc' dir='ltr'><strong><em>κύβον</em></strong></span> <span class='ocrx_word' id='word_1_17' title='bbox 919 600 1112 690; x_wconf 71' lang='grc' dir='ltr'><strong><em>ἀριθμόν,</em></strong></span> 
     </span>
     <span class='ocr_line' id='line_1_5' title="bbox 101 700 1113 798; baseline -0.002 -20"><span class='ocrx_word' id='word_1_18' title='bbox 101 707 120 778; x_wconf 95' lang='lat'><em>5</em></span> <span class='ocrx_word' id='word_1_19' title='bbox 154 709 196 778; x_wconf 72' lang='grc' dir='ltr'><strong><em>δὲ</em></strong></span> <span class='ocrx_word' id='word_1_20' title='bbox 227 713 378 798; x_wconf 77' lang='grc' dir='ltr'><strong><em>πρῶτος</em></strong></span> <span class='ocrx_word' id='word_1_21' title='bbox 410 709 531 796; x_wconf 82' lang='grc' dir='ltr'><strong><em>κύβος</em></strong></span> <span class='ocrx_word' id='word_1_22' title='bbox 563 700 600 798; x_wconf 79' lang='grc' dir='ltr'><strong><em>ᾖ,</em></strong></span> <span class='ocrx_word' id='word_1_23' title='bbox 632 709 697 776; x_wconf 85' lang='grc' dir='ltr'><strong><em>καὶ</em></strong></span> <span class='ocrx_word' id='word_1_24' title='bbox 726 705 744 777; x_wconf 92' lang='lat'><em>5</em></span> <span class='ocrx_word' id='word_1_25' title='bbox 779 708 969 798; x_wconf 77' lang='grc' dir='ltr'><strong><em>δεύτερος</em></strong></span> <span class='ocrx_word' id='word_1_26' title='bbox 996 708 1113 795; x_wconf 84' lang='grc' dir='ltr'><strong><em>κύβος</em></strong></span> 
     </span>
    </p>

    <p class='ocr_par' dir='ltr' id='par_1_4' title="bbox 66 820 219 884">
     <span class='ocr_line' id='line_1_6' title="bbox 66 820 219 884; baseline 0.007 -1"><span class='ocrx_word' id='word_1_27' title='bbox 66 820 219 884; x_wconf 72' lang='grc' dir='ltr'><strong><em>οέστοιι.</em></strong></span> 
     </span>
    </p>

    <p class='ocr_par' dir='ltr' id='par_1_5' title="bbox 103 919 1114 1326">
     <span class='ocr_line' id='line_1_7' title="bbox 171 919 1113 1010; baseline 0.001 -22"><span class='ocrx_word' id='word_1_28' title='bbox 171 921 246 991; x_wconf 91' lang='grc' dir='ltr'><strong><em>Δύο</em></strong></span> <span class='ocrx_word' id='word_1_29' title='bbox 275 921 340 1008; x_wconf 79' lang='grc' dir='ltr'><strong><em>γὰρ</em></strong></span> <span class='ocrx_word' id='word_1_30' title='bbox 369 919 510 1010; x_wconf 74' lang='grc' dir='ltr'><strong><em>ἀριθμοὶ</em></strong></span> <span class='ocrx_word' id='word_1_31' title='bbox 535 925 570 990; x_wconf 75' lang='lat' dir='ltr'><strong><em>oc</em></strong></span> <span class='ocrx_word' id='word_1_32' title='bbox 590 931 636 1007; x_wconf 89' lang='lat' dir='ltr'><strong><em>A,</em></strong></span> <span class='ocrx_word' id='word_1_33' title='bbox 656 931 684 991; x_wconf 92' lang='lat' dir='ltr'><em>B</em></span> <span class='ocrx_word' id='word_1_34' title='bbox 708 920 792 1008; x_wconf 78' lang='grc' dir='ltr'><strong><em>πρὸς</em></strong></span> <span class='ocrx_word' id='word_1_35' title='bbox 819 919 986 1008; x_wconf 77' lang='grc' dir='ltr'><strong><em>ἀλλήλους</em></strong></span> <span class='ocrx_word' id='word_1_36' title='bbox 1014 922 1113 1008; x_wconf 79' lang='grc' dir='ltr'><strong><em>λόγον</em></strong></span> 
     </span>
     <span class='ocr_line' id='line_1_8' title="bbox 105 1024 1114 1117; baseline 0 -21"><span class='ocrx_word' id='word_1_37' title='bbox 105 1029 286 1116; x_wconf 77' lang='grc' dir='ltr'><strong><em>ἐχέτωσαν,</em></strong></span> <span class='ocrx_word' id='word_1_38' title='bbox 314 1024 355 1096; x_wconf 78' lang='grc' dir='ltr'><strong><em>ὃν</em></strong></span> <span class='ocrx_word' id='word_1_39' title='bbox 382 1027 486 1114; x_wconf 82' lang='grc' dir='ltr'><strong><em>κύβος</em></strong></span> <span class='ocrx_word' id='word_1_40' title='bbox 512 1026 656 1115; x_wconf 76' lang='grc' dir='ltr'><strong><em>ἀριθμὸς</em></strong></span> <span class='ocrx_word' id='word_1_41' title='bbox 680 1025 698 1096; x_wconf 95' lang='lat'><em>5</em></span> <span class='ocrx_word' id='word_1_42' title='bbox 722 1033 755 1095; x_wconf 93' lang='grc' dir='ltr'><strong><em>Γ</em></strong></span> <span class='ocrx_word' id='word_1_43' title='bbox 778 1028 862 1116; x_wconf 78' lang='grc' dir='ltr'><strong><em>πρὸς</em></strong></span> <span class='ocrx_word' id='word_1_44' title='bbox 883 1026 994 1113; x_wconf 92' lang='grc' dir='ltr'><strong><em>κύβον</em></strong></span> <span class='ocrx_word' id='word_1_45' title='bbox 1020 1025 1114 1117; x_wconf 77' lang='grc' dir='ltr'><strong><em>ἀριθ-</em></strong></span> 
     </span>
     <span class='ocr_line' id='line_1_9' title="bbox 105 1131 1114 1220; baseline -0.002 -18"><span class='ocrx_word' id='word_1_46' title='bbox 105 1134 171 1220; x_wconf 88' lang='grc' dir='ltr'><strong><em>μὸν</em></strong></span> <span class='ocrx_word' id='word_1_47' title='bbox 193 1133 254 1203; x_wconf 89' lang='grc' dir='ltr'><strong><em>τὸν</em></strong></span> <span class='ocrx_word' id='word_1_48' title='bbox 278 1142 326 1218; x_wconf 91' lang='grc' dir='ltr'><strong><em>Δ,</em></strong></span> <span class='ocrx_word' id='word_1_49' title='bbox 348 1131 452 1219; x_wconf 86' lang='grc' dir='ltr'><strong><em>κύβος</em></strong></span> <span class='ocrx_word' id='word_1_50' title='bbox 476 1132 513 1200; x_wconf 77' lang='lat'><strong><em>55</em></strong></span> <span class='ocrx_word' id='word_1_51' title='bbox 536 1138 619 1200; x_wconf 87' lang='grc' dir='ltr'><strong><em>ἐστω</em></strong></span> <span class='ocrx_word' id='word_1_52' title='bbox 644 1131 662 1202; x_wconf 92' lang='lat'><em>5</em></span> <span class='ocrx_word' id='word_1_53' title='bbox 686 1142 731 1200; x_wconf 92' lang='lat' dir='ltr'><strong><em>A·</em></strong></span> <span class='ocrx_word' id='word_1_54' title='bbox 759 1135 845 1220; x_wconf 80' lang='grc' dir='ltr'><strong><em>λέγω</em></strong></span> <span class='ocrx_word' id='word_1_55' title='bbox 870 1132 959 1219; x_wconf 77' lang='grc' dir='ltr'><strong><em>[δύ],</em></strong></span> <span class='ocrx_word' id='word_1_56' title='bbox 990 1132 1046 1202; x_wconf 88' lang='grc' dir='ltr'><strong><em>ὅτι</em></strong></span> <span class='ocrx_word' id='word_1_57' title='bbox 1064 1133 1114 1202; x_wconf 88' lang='grc' dir='ltr'><strong><em>καλ</em></strong></span> 
     </span>
     <span class='ocr_line' id='line_1_10' title="bbox 103 1237 426 1326; baseline -0.006 -18"><span class='ocrx_word' id='word_1_58' title='bbox 103 1237 121 1308; x_wconf 92' lang='lat'><em>5</em></span> <span class='ocrx_word' id='word_1_59' title='bbox 148 1248 177 1307; x_wconf 92' lang='grc' dir='ltr'><strong>Β</strong></span> <span class='ocrx_word' id='word_1_60' title='bbox 200 1239 303 1326; x_wconf 89' lang='grc' dir='ltr'><strong><em>κύβος</em></strong></span> <span class='ocrx_word' id='word_1_61' title='bbox 325 1241 426 1307; x_wconf 79' lang='grc' dir='ltr'><strong><em>ἐστίν.</em></strong></span> 
     </span>
    </p>

    <p class='ocr_par' dir='ltr' id='par_1_6' title="bbox 51 1343 1117 1854">
     <span class='ocr_line' id='line_1_11' title="bbox 51 1343 1114 1433; baseline 0 -21"><span class='ocrx_word' id='word_1_62' title='bbox 51 1373 85 1423; x_wconf 89' lang='lat'><strong><em>10</em></strong></span> <span class='ocrx_word' id='word_1_63' title='bbox 168 1343 256 1413; x_wconf 82' lang='grc' dir='ltr'><strong><em>Ἐπεὶ</em></strong></span> <span class='ocrx_word' id='word_1_64' title='bbox 284 1343 348 1431; x_wconf 80' lang='grc' dir='ltr'><strong><em>γὰρ</em></strong></span> <span class='ocrx_word' id='word_1_65' title='bbox 377 1348 411 1412; x_wconf 93' lang='grc' dir='ltr'><strong><em>οί</em></strong></span> <span class='ocrx_word' id='word_1_66' title='bbox 436 1351 479 1431; x_wconf 88' lang='grc' dir='ltr'><strong><em>Γ,</em></strong></span> <span class='ocrx_word' id='word_1_67' title='bbox 499 1354 533 1412; x_wconf 95' lang='lat' dir='ltr'><em>A</em></span> <span class='ocrx_word' id='word_1_68' title='bbox 562 1345 661 1432; x_wconf 84' lang='grc' dir='ltr'><strong><em>κύβοι</em></strong></span> <span class='ocrx_word' id='word_1_69' title='bbox 690 1350 792 1432; x_wconf 85' lang='grc' dir='ltr'><strong><em>είσίν,</em></strong></span> <span class='ocrx_word' id='word_1_70' title='bbox 820 1349 856 1414; x_wconf 92' lang='grc' dir='ltr'><strong><em>οί</em></strong></span> <span class='ocrx_word' id='word_1_71' title='bbox 879 1353 922 1432; x_wconf 83' lang='grc' dir='ltr'><strong><em>Γ,</em></strong></span> <span class='ocrx_word' id='word_1_72' title='bbox 942 1355 977 1413; x_wconf 98' lang='lat' dir='ltr'><em>A</em></span> <span class='ocrx_word' id='word_1_73' title='bbox 1006 1347 1114 1433; x_wconf 82' lang='grc' dir='ltr'><strong><em>ὅμοιοι</em></strong></span> 
     </span>
     <span class='ocr_line' id='line_1_12' title="bbox 105 1449 1116 1540; baseline 0.004 -23"><span class='ocrx_word' id='word_1_74' title='bbox 105 1457 237 1537; x_wconf 80' lang='grc' dir='ltr'><strong><em>στερεοί</em></strong></span> <span class='ocrx_word' id='word_1_75' title='bbox 266 1454 365 1518; x_wconf 80' lang='grc' dir='ltr'><strong><em>εἰσιν·</em></strong></span> <span class='ocrx_word' id='word_1_76' title='bbox 397 1454 465 1518; x_wconf 78' lang='grc' dir='ltr'><strong><em>τῶν</em></strong></span> <span class='ocrx_word' id='word_1_77' title='bbox 494 1457 537 1533; x_wconf 89' lang='grc' dir='ltr'><strong><em>Γ,</em></strong></span> <span class='ocrx_word' id='word_1_78' title='bbox 558 1459 591 1517; x_wconf 93' lang='lat' dir='ltr'><em>A</em></span> <span class='ocrx_word' id='word_1_79' title='bbox 623 1450 690 1539; x_wconf 72' lang='grc' dir='ltr'><strong><em>ἄρα</em></strong></span> <span class='ocrx_word' id='word_1_80' title='bbox 722 1451 785 1520; x_wconf 80' lang='grc' dir='ltr'><strong><em>δύο</em></strong></span> <span class='ocrx_word' id='word_1_81' title='bbox 817 1454 914 1538; x_wconf 82' lang='grc' dir='ltr'><strong><em>μέσοι</em></strong></span> <span class='ocrx_word' id='word_1_82' title='bbox 945 1449 1116 1540; x_wconf 82' lang='grc' dir='ltr'><strong><em>ύνύλογον</em></strong></span> 
     </span>
     <span class='ocr_line' id='line_1_13' title="bbox 106 1555 1116 1646; baseline 0.004 -24"><span class='ocrx_word' id='word_1_83' title='bbox 106 1557 324 1642; x_wconf 92' lang='grc' dir='ltr'><strong><em>ἐμπίπτουσιν</em></strong></span> <span class='ocrx_word' id='word_1_84' title='bbox 347 1555 498 1646; x_wconf 74' lang='grc' dir='ltr'><strong><em>ἀριθμοί.</em></strong></span> <span class='ocrx_word' id='word_1_85' title='bbox 545 1555 619 1626; x_wconf 85' lang='grc' dir='ltr'><strong><em>ὅσοι</em></strong></span> <span class='ocrx_word' id='word_1_86' title='bbox 643 1557 681 1626; x_wconf 75' lang='grc' dir='ltr'><strong><em>δὲ</em></strong></span> <span class='ocrx_word' id='word_1_87' title='bbox 704 1562 752 1637; x_wconf 84' lang='grc' dir='ltr'><strong><em>είς</em></strong></span> <span class='ocrx_word' id='word_1_88' title='bbox 774 1557 853 1638; x_wconf 81' lang='grc' dir='ltr'><strong><em>τούς</em></strong></span> <span class='ocrx_word' id='word_1_89' title='bbox 875 1563 913 1645; x_wconf 93' lang='grc' dir='ltr'><strong><em>Γ,</em></strong></span> <span class='ocrx_word' id='word_1_90' title='bbox 933 1568 968 1626; x_wconf 98' lang='lat' dir='ltr'><em>A</em></span> <span class='ocrx_word' id='word_1_91' title='bbox 995 1557 1116 1644; x_wconf 82' lang='grc' dir='ltr'><strong><em>μεταξὺ</em></strong></span> 
     </span>
     <span class='ocr_line' id='line_1_14' title="bbox 105 1659 1117 1748; baseline 0.002 -18"><span class='ocrx_word' id='word_1_92' title='bbox 105 1661 188 1730; x_wconf 82' lang='grc' dir='ltr'><strong><em>κατὰ</em></strong></span> <span class='ocrx_word' id='word_1_93' title='bbox 211 1661 248 1729; x_wconf 83' lang='grc' dir='ltr'><strong><em>τὸ</em></strong></span> <span class='ocrx_word' id='word_1_94' title='bbox 273 1660 408 1748; x_wconf 75' lang='grc' dir='ltr'><strong><em>συνεχὲς</em></strong></span> <span class='ocrx_word' id='word_1_95' title='bbox 430 1659 601 1746; x_wconf 74' lang='grc' dir='ltr'><strong><em>ἀνάλογον</em></strong></span> <span class='ocrx_word' id='word_1_96' title='bbox 625 1663 858 1748; x_wconf 88' lang='grc' dir='ltr'><strong><em>ἐμπίπτουσιν,</em></strong></span> <span class='ocrx_word' id='word_1_97' title='bbox 881 1666 1043 1732; x_wconf 81' lang='grc' dir='ltr'><strong><em>τοσοῦτοι</em></strong></span> <span class='ocrx_word' id='word_1_98' title='bbox 1065 1664 1117 1731; x_wconf 86' lang='grc' dir='ltr'><strong><em>καλ</em></strong></span> 
     </span>
     <span class='ocr_line' id='line_1_15' title="bbox 107 1765 1117 1854; baseline -0.001 -18"><span class='ocrx_word' id='word_1_99' title='bbox 107 1773 154 1848; x_wconf 83' lang='grc' dir='ltr'><strong><em>είς</em></strong></span> <span class='ocrx_word' id='word_1_100' title='bbox 181 1767 262 1848; x_wconf 84' lang='grc' dir='ltr'><strong><em>τοὺς</em></strong></span> <span class='ocrx_word' id='word_1_101' title='bbox 287 1766 346 1836; x_wconf 88' lang='grc' dir='ltr'><strong><em>τὸν</em></strong></span> <span class='ocrx_word' id='word_1_102' title='bbox 377 1765 481 1835; x_wconf 84' lang='grc' dir='ltr'><strong><em>οιύτόν</em></strong></span> <span class='ocrx_word' id='word_1_103' title='bbox 509 1766 613 1854; x_wconf 79' lang='grc' dir='ltr'><strong><em>λόγον</em></strong></span> <span class='ocrx_word' id='word_1_104' title='bbox 638 1773 775 1854; x_wconf 83' lang='grc' dir='ltr'><strong><em>ἔχοντος</em></strong></span> <span class='ocrx_word' id='word_1_105' title='bbox 798 1768 923 1849; x_wconf 82' lang='grc' dir='ltr'><strong><em>αύτολς·</em></strong></span> <span class='ocrx_word' id='word_1_106' title='bbox 954 1767 1117 1838; x_wconf 77' lang='grc' dir='ltr'><strong><em>ὥστεκαὶ</em></strong></span> 
     </span>
    </p>
   </div>
   <div class='ocr_carea' id='block_1_3' title="bbox 54 1871 1119 2280">
    <p class='ocr_par' dir='ltr' id='par_1_7' title="bbox 54 1871 1119 2280">
     <span class='ocr_line' id='line_1_16' title="bbox 54 1871 1117 1965; baseline 0.001 -22"><span class='ocrx_word' id='word_1_107' title='bbox 54 1902 86 1950; x_wconf 82' lang='lat'><strong><em>15</em></strong></span> <span class='ocrx_word' id='word_1_108' title='bbox 107 1880 174 1944; x_wconf 76' lang='grc' dir='ltr'><strong><em>τῶν</em></strong></span> <span class='ocrx_word' id='word_1_109' title='bbox 207 1885 253 1961; x_wconf 97' lang='lat' dir='ltr'><em>A,</em></span> <span class='ocrx_word' id='word_1_110' title='bbox 272 1883 301 1943; x_wconf 89' lang='grc' dir='ltr'><em>Β</em></span> <span class='ocrx_word' id='word_1_111' title='bbox 333 1875 395 1942; x_wconf 77' lang='grc' dir='ltr'><strong><em>δύο</em></strong></span> <span class='ocrx_word' id='word_1_112' title='bbox 428 1875 523 1960; x_wconf 82' lang='grc' dir='ltr'><strong><em>μέσοι</em></strong></span> <span class='ocrx_word' id='word_1_113' title='bbox 555 1871 727 1962; x_wconf 74' lang='grc' dir='ltr'><strong><em>ἀνάλογον</em></strong></span> <span class='ocrx_word' id='word_1_114' title='bbox 764 1880 983 1963; x_wconf 82' lang='grc' dir='ltr'><strong><em>ἐμπίπτουσιν</em></strong></span> <span class='ocrx_word' id='word_1_115' title='bbox 1022 1874 1117 1965; x_wconf 76' lang='grc' dir='ltr'><strong><em>ἀριθ-</em></strong></span> 
     </span>
     <span class='ocr_line' id='line_1_17' title="bbox 108 1973 1117 2071; baseline 0.002 -23"><span class='ocrx_word' id='word_1_116' title='bbox 108 1988 173 2067; x_wconf 89' lang='grc' dir='ltr'><strong><em>μοί.</em></strong></span> <span class='ocrx_word' id='word_1_117' title='bbox 215 1981 461 2067; x_wconf 81' lang='grc' dir='ltr'><strong><em>ἐμπιπτέτωσαν</em></strong></span> <span class='ocrx_word' id='word_1_118' title='bbox 486 1981 521 2048; x_wconf 72' lang='lat' dir='ltr'><strong><em>oc</em></strong></span> <span class='ocrx_word' id='word_1_119' title='bbox 536 1987 576 2063; x_wconf 88' lang='grc' dir='ltr'><strong><em>Ε,</em></strong></span> <span class='ocrx_word' id='word_1_120' title='bbox 597 1987 633 2047; x_wconf 90' lang='grc' dir='ltr'><strong><em>Ζ.</em></strong></span> <span class='ocrx_word' id='word_1_121' title='bbox 675 1982 744 2048; x_wconf 79' lang='grc' dir='ltr'><strong><em>ἐπεὶ</em></strong></span> <span class='ocrx_word' id='word_1_122' title='bbox 764 1973 828 2050; x_wconf 80' lang='grc' dir='ltr'><strong><em>οὖν</em></strong></span> <span class='ocrx_word' id='word_1_123' title='bbox 845 1983 1003 2069; x_wconf 78' lang='grc' dir='ltr'><strong><em>τέσσαρες</em></strong></span> <span class='ocrx_word' id='word_1_124' title='bbox 1022 1980 1117 2071; x_wconf 73' lang='grc' dir='ltr'><strong><em>ἀριθ-</em></strong></span> 
     </span>
     <span class='ocr_line' id='line_1_18' title="bbox 107 2083 1119 2172; baseline 0 -18"><span class='ocrx_word' id='word_1_125' title='bbox 107 2087 164 2172; x_wconf 83' lang='grc' dir='ltr'><strong><em>μοὶ</em></strong></span> <span class='ocrx_word' id='word_1_126' title='bbox 197 2089 232 2152; x_wconf 81' lang='grc' dir='ltr'><strong><em>ολ</em></strong></span> <span class='ocrx_word' id='word_1_127' title='bbox 261 2096 307 2170; x_wconf 92' lang='lat' dir='ltr'><em>A,</em></span> <span class='ocrx_word' id='word_1_128' title='bbox 326 2094 370 2171; x_wconf 82' lang='lat' dir='ltr'><strong><em>E,</em></strong></span> <span class='ocrx_word' id='word_1_129' title='bbox 391 2093 433 2169; x_wconf 88' lang='grc' dir='ltr'><strong><em>Ζ,</em></strong></span> <span class='ocrx_word' id='word_1_130' title='bbox 452 2092 481 2152; x_wconf 88' lang='grc' dir='ltr'><em>Β</em></span> <span class='ocrx_word' id='word_1_131' title='bbox 514 2086 588 2170; x_wconf 76' lang='grc' dir='ltr'><strong><em>ἑξῆς</em></strong></span> <span class='ocrx_word' id='word_1_132' title='bbox 619 2083 792 2171; x_wconf 77' lang='grc' dir='ltr'><strong><em>ἀνάλογόν</em></strong></span> <span class='ocrx_word' id='word_1_133' title='bbox 822 2090 923 2172; x_wconf 83' lang='grc' dir='ltr'><strong><em>είσιν,</em></strong></span> <span class='ocrx_word' id='word_1_134' title='bbox 961 2093 1023 2154; x_wconf 87' lang='grc' dir='ltr'><strong><em>καί</em></strong></span> <span class='ocrx_word' id='word_1_135' title='bbox 1053 2091 1119 2157; x_wconf 88' lang='grc' dir='ltr'><strong><em>ἐστι</em></strong></span> 
     </span>
     <span class='ocr_line' id='line_1_19' title="bbox 106 2187 1066 2280; baseline 0.003 -21"><span class='ocrx_word' id='word_1_136' title='bbox 106 2191 212 2277; x_wconf 90' lang='grc' dir='ltr'><strong><em>κύβος</em></strong></span> <span class='ocrx_word' id='word_1_137' title='bbox 235 2189 252 2258; x_wconf 91' lang='grc' dir='ltr'>ὁ</span> <span class='ocrx_word' id='word_1_138' title='bbox 277 2199 322 2275; x_wconf 93' lang='lat' dir='ltr'><em>A,</em></span> <span class='ocrx_word' id='word_1_139' title='bbox 345 2190 448 2276; x_wconf 88' lang='grc' dir='ltr'><strong><em>κύβος</em></strong></span> <span class='ocrx_word' id='word_1_140' title='bbox 470 2189 536 2276; x_wconf 77' lang='grc' dir='ltr'><strong><em>ἄρα</em></strong></span> <span class='ocrx_word' id='word_1_141' title='bbox 558 2191 614 2258; x_wconf 86' lang='grc' dir='ltr'><strong><em>κοιλ</em></strong></span> <span class='ocrx_word' id='word_1_142' title='bbox 638 2187 656 2258; x_wconf 92' lang='lat'><em>5</em></span> <span class='ocrx_word' id='word_1_143' title='bbox 682 2199 726 2258; x_wconf 92' lang='grc' dir='ltr'><strong><em>Β·</em></strong></span> <span class='ocrx_word' id='word_1_144' title='bbox 750 2189 831 2280; x_wconf 82' lang='grc' dir='ltr'><strong><em>ὅπερ</em></strong></span> <span class='ocrx_word' id='word_1_145' title='bbox 855 2195 923 2259; x_wconf 77' lang='grc' dir='ltr'><strong><em>ἔδει</em></strong></span> <span class='ocrx_word' id='word_1_146' title='bbox 947 2195 1066 2275; x_wconf 75' lang='grc' dir='ltr'><strong><em>δεῖξαι.</em></strong></span> 
     </span>
    </p>
   </div>
   <div class='ocr_carea' id='block_1_4' title="bbox 55 2402 1124 3144">
    <p class='ocr_par' dir='ltr' id='par_1_8' title="bbox 576 2402 639 2474">
     <span class='ocr_line' id='line_1_20' title="bbox 576 2402 639 2474; baseline 0 -3"><span class='ocrx_word' id='word_1_147' title='bbox 576 2402 639 2474; x_wconf 89' lang='grc' dir='ltr'><strong><em>κς’.</em></strong></span> 
     </span>
    </p>

    <p class='ocr_par' dir='ltr' id='par_1_9' title="bbox 55 2524 1123 2827">
     <span class='ocr_line' id='line_1_21' title="bbox 55 2524 1122 2615; baseline 0.004 -21"><span class='ocrx_word' id='word_1_148' title='bbox 55 2556 89 2605; x_wconf 79' lang='lat'><strong><em>20</em></strong></span> <span class='ocrx_word' id='word_1_149' title='bbox 177 2531 221 2595; x_wconf 84' lang='grc' dir='ltr'><strong><em>Οί</em></strong></span> <span class='ocrx_word' id='word_1_150' title='bbox 242 2526 374 2614; x_wconf 81' lang='grc' dir='ltr'><strong><em>ὅμοιοι</em></strong></span> <span class='ocrx_word' id='word_1_151' title='bbox 398 2530 578 2595; x_wconf 77' lang='grc' dir='ltr'><strong><em>ἐπίπεδοι</em></strong></span> <span class='ocrx_word' id='word_1_152' title='bbox 601 2524 774 2615; x_wconf 75' lang='grc' dir='ltr'><strong><em>ἀριθμοὶ</em></strong></span> <span class='ocrx_word' id='word_1_153' title='bbox 796 2525 893 2615; x_wconf 78' lang='grc' dir='ltr'><strong><em>πρὸς</em></strong></span> <span class='ocrx_word' id='word_1_154' title='bbox 919 2524 1122 2615; x_wconf 80' lang='grc' dir='ltr'><strong><em>ἀλλήλους</em></strong></span> 
     </span>
     <span class='ocr_line' id='line_1_22' title="bbox 109 2630 1123 2722; baseline 0.001 -20"><span class='ocrx_word' id='word_1_155' title='bbox 109 2633 229 2720; x_wconf 78' lang='grc' dir='ltr'><strong><em>λόγον</em></strong></span> <span class='ocrx_word' id='word_1_156' title='bbox 258 2639 433 2722; x_wconf 82' lang='grc' dir='ltr'><strong><em>ἔχουσιν,</em></strong></span> <span class='ocrx_word' id='word_1_157' title='bbox 466 2630 512 2701; x_wconf 81' lang='grc' dir='ltr'><strong><em>ὃν</em></strong></span> <span class='ocrx_word' id='word_1_158' title='bbox 538 2633 787 2719; x_wconf 78' lang='grc' dir='ltr'><strong><em>τετράγωνος</em></strong></span> <span class='ocrx_word' id='word_1_159' title='bbox 819 2630 992 2718; x_wconf 75' lang='grc' dir='ltr'><strong><em>ἀριθμὸς</em></strong></span> <span class='ocrx_word' id='word_1_160' title='bbox 1024 2635 1123 2722; x_wconf 85' lang='grc' dir='ltr'><strong><em>πρὸς</em></strong></span> 
     </span>
     <span class='ocr_line' id='line_1_23' title="bbox 110 2738 570 2827; baseline -0.007 -18"><span class='ocrx_word' id='word_1_161' title='bbox 110 2739 363 2827; x_wconf 75' lang='grc' dir='ltr'><strong><em>τετράγωνον</em></strong></span> <span class='ocrx_word' id='word_1_162' title='bbox 387 2738 570 2826; x_wconf 74' lang='grc' dir='ltr'><strong><em>ἀριθμόν.</em></strong></span> 
     </span>
    </p>

    <p class='ocr_par' dir='ltr' id='par_1_10' title="bbox 112 2842 1124 3040">
     <span class='ocr_line' id='line_1_24' title="bbox 166 2842 1123 2933; baseline 0.001 -19"><span class='ocrx_word' id='word_1_163' title='bbox 166 2845 342 2914; x_wconf 81' lang='grc' dir='ltr'><strong><em>Ἔστωσαν</em></strong></span> <span class='ocrx_word' id='word_1_164' title='bbox 366 2843 476 2931; x_wconf 83' lang='grc' dir='ltr'><strong><em>ὅμοιοι</em></strong></span> <span class='ocrx_word' id='word_1_165' title='bbox 500 2847 649 2913; x_wconf 78' lang='grc' dir='ltr'><strong><em>ἐπίπεδοι</em></strong></span> <span class='ocrx_word' id='word_1_166' title='bbox 673 2842 815 2933; x_wconf 75' lang='grc' dir='ltr'><strong><em>ἀριθμοὶ</em></strong></span> <span class='ocrx_word' id='word_1_167' title='bbox 839 2846 875 2912; x_wconf 88' lang='grc' dir='ltr'><strong><em>οί</em></strong></span> <span class='ocrx_word' id='word_1_168' title='bbox 894 2853 936 2928; x_wconf 88' lang='grc' dir='ltr'><strong><em>Α,</em></strong></span> <span class='ocrx_word' id='word_1_169' title='bbox 955 2853 999 2912; x_wconf 88' lang='grc' dir='ltr'><strong><em>Β·</em></strong></span> <span class='ocrx_word' id='word_1_170' title='bbox 1023 2849 1123 2933; x_wconf 84' lang='grc' dir='ltr'><strong><em>λέγω,</em></strong></span> 
     </span>
     <span class='ocr_line' id='line_1_25' title="bbox 112 2947 1124 3040; baseline 0.004 -22"><span class='ocrx_word' id='word_1_171' title='bbox 112 2950 163 3019; x_wconf 82' lang='grc' dir='ltr'><strong><em>ὅτι</em></strong></span> <span class='ocrx_word' id='word_1_172' title='bbox 187 2951 204 3018; x_wconf 91' lang='lat'><em>5</em></span> <span class='ocrx_word' id='word_1_173' title='bbox 229 2960 261 3018; x_wconf 95' lang='lat' dir='ltr'><em>A</em></span> <span class='ocrx_word' id='word_1_174' title='bbox 279 2949 362 3039; x_wconf 79' lang='grc' dir='ltr'><strong><em>πρὸς</em></strong></span> <span class='ocrx_word' id='word_1_175' title='bbox 380 2950 439 3019; x_wconf 87' lang='grc' dir='ltr'><strong><em>τὸν</em></strong></span> <span class='ocrx_word' id='word_1_176' title='bbox 458 2958 487 3017; x_wconf 92' lang='grc' dir='ltr'><strong>Β</strong></span> <span class='ocrx_word' id='word_1_177' title='bbox 510 2950 613 3036; x_wconf 82' lang='grc' dir='ltr'><strong><em>λόγον</em></strong></span> <span class='ocrx_word' id='word_1_178' title='bbox 632 2955 708 3037; x_wconf 81' lang='grc' dir='ltr'><strong><em>ἔχει,</em></strong></span> <span class='ocrx_word' id='word_1_179' title='bbox 733 2947 774 3017; x_wconf 83' lang='grc' dir='ltr'><strong><em>ὃν</em></strong></span> <span class='ocrx_word' id='word_1_180' title='bbox 793 2950 1002 3039; x_wconf 79' lang='grc' dir='ltr'><strong><em>τετράγωνος</em></strong></span> <span class='ocrx_word' id='word_1_181' title='bbox 1020 2949 1124 3040; x_wconf 78' lang='grc' dir='ltr'><strong><em>ολριθ-</em></strong></span> 
     </span>
    </p>

    <p class='ocr_par' dir='ltr' id='par_1_11' title="bbox 56 3053 693 3144">
     <span class='ocr_line' id='line_1_26' title="bbox 56 3053 693 3144; baseline -0.002 -21"><span class='ocrx_word' id='word_1_182' title='bbox 56 3085 89 3134; x_wconf 77' lang='lat'><strong><em>25</em></strong></span> <span class='ocrx_word' id='word_1_183' title='bbox 112 3055 175 3143; x_wconf 89' lang='grc' dir='ltr'><strong><em>μὸς</em></strong></span> <span class='ocrx_word' id='word_1_184' title='bbox 196 3054 280 3143; x_wconf 82' lang='grc' dir='ltr'><strong><em>πρὸς</em></strong></span> <span class='ocrx_word' id='word_1_185' title='bbox 300 3055 511 3143; x_wconf 77' lang='grc' dir='ltr'><strong><em>τετράγωνον</em></strong></span> <span class='ocrx_word' id='word_1_186' title='bbox 533 3053 693 3144; x_wconf 74' lang='grc' dir='ltr'><strong><em>ἀριθμόν.</em></strong></span> 
     </span>
    </p>
   </div>
   <div class='ocr_carea' id='block_1_5' title="bbox 107 3281 1123 3572">
    <p class='ocr_par' dir='ltr' id='par_1_12' title="bbox 107 3281 1123 3572">
     <span class='ocr_line' id='line_1_27' title="bbox 182 3281 1122 3358; baseline 0.006 -19"><span class='ocrx_word' id='word_1_187' title='bbox 182 3292 206 3339; x_wconf 84' lang='grc'><strong><em>3.</em></strong></span> <span class='ocrx_word' id='word_1_188' title='bbox 226 3283 296 3356; x_wconf 80' lang='grc' dir='ltr'><strong><em>πρὸς</em></strong></span> <span class='ocrx_word' id='word_1_189' title='bbox 315 3281 404 3357; x_wconf 84' lang='grc' dir='ltr'><strong><em>κύβον</em></strong></span> <span class='ocrx_word' id='word_1_190' title='bbox 422 3281 566 3356; x_wconf 73' lang='grc' dir='ltr'><strong><em>ἀριθμόν]</em></strong></span> <span class='ocrx_word' id='word_1_191' title='bbox 585 3282 630 3339; x_wconf 82' lang='lat' dir='ltr'><strong><em>bis</em></strong></span> <span class='ocrx_word' id='word_1_192' title='bbox 650 3304 686 3354; x_wconf 83' lang='grc' dir='ltr'><strong><em>φ,</em></strong></span> <span class='ocrx_word' id='word_1_193' title='bbox 705 3282 754 3336; x_wconf 77' lang='lat' dir='ltr'><strong><em>sed</em></strong></span> <span class='ocrx_word' id='word_1_194' title='bbox 774 3299 843 3338; x_wconf 75' lang='lat' dir='ltr'><strong>corr.</strong></span> <span class='ocrx_word' id='word_1_195' title='bbox 907 3290 931 3340; x_wconf 88' lang='lat'><strong><em>8.</em></strong></span> <span class='ocrx_word' id='word_1_196' title='bbox 952 3282 1006 3358; x_wconf 77' lang='grc' dir='ltr'><strong><em>δή]</em></strong></span> <span class='ocrx_word' id='word_1_197' title='bbox 1022 3305 1079 3345; x_wconf 89' lang='lat' dir='ltr'><strong><em>om.</em></strong></span> <span class='ocrx_word' id='word_1_198' title='bbox 1094 3292 1122 3345; x_wconf 93' lang='lat' dir='ltr'><strong><em>P.</em></strong></span> 
     </span>
     <span class='ocr_line' id='line_1_28' title="bbox 112 3351 1123 3431; baseline 0.006 -21"><span class='ocrx_word' id='word_1_199' title='bbox 112 3363 155 3411; x_wconf 92' lang='lat'><strong><em>10.</em></strong></span> <span class='ocrx_word' id='word_1_200' title='bbox 175 3351 279 3428; x_wconf 77' lang='grc' dir='ltr'><strong><em>ὅμοιοι]</em></strong></span> <span class='ocrx_word' id='word_1_201' title='bbox 299 3351 355 3426; x_wconf 79' lang='grc' dir='ltr'><strong><em>ἄρα</em></strong></span> <span class='ocrx_word' id='word_1_202' title='bbox 375 3351 468 3426; x_wconf 80' lang='grc' dir='ltr'><strong><em>’ὅμοιοι</em></strong></span> <span class='ocrx_word' id='word_1_203' title='bbox 485 3357 575 3425; x_wconf 70' lang='grc' dir='ltr'><strong><em>Βλίφ.</em></strong></span> <span class='ocrx_word' id='word_1_204' title='bbox 655 3361 697 3410; x_wconf 91' lang='grc'><strong><em>11.</em></strong></span> <span class='ocrx_word' id='word_1_205' title='bbox 717 3351 776 3407; x_wconf 81' lang='grc' dir='ltr'><strong><em>εἰσί</em></strong></span> <span class='ocrx_word' id='word_1_206' title='bbox 790 3353 851 3422; x_wconf 59' lang='lat' dir='ltr'>Vq).</span> <span class='ocrx_word' id='word_1_207' title='bbox 935 3363 975 3413; x_wconf 79' lang='lat'><strong><em>12.</em></strong></span> <span class='ocrx_word' id='word_1_208' title='bbox 996 3356 1048 3431; x_wconf 76' lang='grc' dir='ltr'><strong><em>δι’]</em></strong></span> <span class='ocrx_word' id='word_1_209' title='bbox 1070 3357 1123 3430; x_wconf 78' lang='grc' dir='ltr'><strong><em>δήλ</em></strong></span> 
     </span>
     <span class='ocr_line' id='line_1_29' title="bbox 113 3421 1122 3501; baseline 0.005 -21"><span class='ocrx_word' id='word_1_210' title='bbox 113 3435 155 3482; x_wconf 86' lang='grc'><strong><em>13.</em></strong></span> <span class='ocrx_word' id='word_1_211' title='bbox 175 3423 343 3496; x_wconf 85' lang='grc' dir='ltr'><strong><em>ἐμπίπτουσι</em></strong></span> <span class='ocrx_word' id='word_1_212' title='bbox 360 3428 449 3496; x_wconf 66' lang='grc' dir='ltr'><strong><em>Ρλίφ.</em></strong></span> <span class='ocrx_word' id='word_1_213' title='bbox 514 3433 555 3484; x_wconf 82' lang='lat'><strong><em>15.</em></strong></span> <span class='ocrx_word' id='word_1_214' title='bbox 574 3429 642 3500; x_wconf 85' lang='grc' dir='ltr'><strong><em>τῶν]</em></strong></span> <span class='ocrx_word' id='word_1_215' title='bbox 662 3421 712 3480; x_wconf 84' lang='grc' dir='ltr'><strong><em>τόν</em></strong></span> <span class='ocrx_word' id='word_1_216' title='bbox 732 3444 762 3492; x_wconf 87' lang='grc' dir='ltr'><strong><em>φ.</em></strong></span> <span class='ocrx_word' id='word_1_217' title='bbox 824 3430 864 3479; x_wconf 78' lang='grc'><strong><em>17.</em></strong></span> <span class='ocrx_word' id='word_1_218' title='bbox 885 3425 968 3498; x_wconf 81' lang='grc' dir='ltr'><strong><em>εἰσιν]</em></strong></span> <span class='ocrx_word' id='word_1_219' title='bbox 990 3428 1045 3484; x_wconf 84' lang='grc' dir='ltr'><strong><em>είσι</em></strong></span> <span class='ocrx_word' id='word_1_220' title='bbox 1061 3431 1122 3501; x_wconf 68' lang='lat' dir='ltr'>Vq).</span> 
     </span>
     <span class='ocr_line' id='line_1_30' title="bbox 107 3490 1121 3572; baseline 0.001 -19"><span class='ocrx_word' id='word_1_221' title='bbox 107 3492 182 3571; x_wconf 82' lang='grc' dir='ltr'><strong><em>ἐστι]</em></strong></span> <span class='ocrx_word' id='word_1_222' title='bbox 200 3494 277 3556; x_wconf 82' lang='grc' dir='ltr'><strong><em>ἐστιν</em></strong></span> <span class='ocrx_word' id='word_1_223' title='bbox 295 3499 325 3556; x_wconf 90' lang='grc' dir='ltr'><strong><em>Ρ.</em></strong></span> <span class='ocrx_word' id='word_1_224' title='bbox 382 3503 426 3556; x_wconf 78' lang='lat'><strong><em>24.</em></strong></span> <span class='ocrx_word' id='word_1_225' title='bbox 446 3497 486 3572; x_wconf 78' lang='lat' dir='ltr'><em>A]</em></span> <span class='ocrx_word' id='word_1_226' title='bbox 505 3514 564 3568; x_wconf 70' lang='lat' dir='ltr'><strong><em>seq.</em></strong></span> <span class='ocrx_word' id='word_1_227' title='bbox 581 3515 639 3554; x_wconf 69' lang='grc' dir='ltr'><strong><em>τωο.</em></strong></span> <span class='ocrx_word' id='word_1_228' title='bbox 655 3496 744 3551; x_wconf 60' lang='grc' dir='ltr'><strong><em>λλὶλλ..</em></strong></span> <span class='ocrx_word' id='word_1_229' title='bbox 756 3493 792 3546; x_wconf 76' lang='lat' dir='ltr'><strong><em>V.</em></strong></span> <span class='ocrx_word' id='word_1_230' title='bbox 845 3490 969 3565; x_wconf 66' lang='grc' dir='ltr'><strong><em>ἀριθμός</em></strong></span> <span class='ocrx_word' id='word_1_231' title='bbox 988 3517 1043 3556; x_wconf 87' lang='lat' dir='ltr'><strong><em>om.</em></strong></span> <span class='ocrx_word' id='word_1_232' title='bbox 1059 3500 1121 3570; x_wconf 64' lang='lat' dir='ltr'><strong><em>Vq.</em></strong></span> 
     </span>
    </p>
   </div>
   <div class='ocr_carea' id='block_1_6' title="bbox 0 0 1195 3818">
    <p class='ocr_par' dir='ltr' id='par_1_13' title="bbox 0 0 1195 3818">
     <span class='ocr_line' id='line_1_31' title="bbox 0 0 1195 3818; baseline 0 0"><span class='ocrx_word' id='word_1_233' title='bbox 0 0 1195 3818; x_wconf 95' lang='lat' dir='ltr'><strong><em> </em></strong></span> 
     </span>
    </p>
   </div>
  </div>
 </body>
</html>
