2348 3818
347 118 622 171 ELEMENTORUM
641 118 751 170 LIBER
768 118 801 170 V.
1051 117 1094 182 49

75 281 181 344 aeque
203 260 399 344 multiplices
424 266 512 346 sunt,
540 265 572 326 et
595 264 642 345 H,
666 265 695 327 Θ
716 261 978 348 magnitudinum
1001 264 1038 346 Γ,
1062 266 1095 325 A

76 367 162 430 aliae
180 367 312 450 quaeuis
338 388 439 451 aeque
461 367 671 452 multiplices3
693 369 803 454 itaque
820 374 853 434 A
867 392 875 434 ι
888 370 921 432 Γ
930 399 972 421 =
988 373 1016 434 B
1030 391 1038 432 :
1053 373 1095 436 A.

144 472 236 557 Ergo
256 473 285 538 si
304 476 458 557 quattuor
477 473 720 559 magnitudines
735 476 995 559 proportionales
1010 480 1094 560 sunt,

73 580 175 644 etiarn
198 579 412 663 permutando
435 580 695 664 proportionales
714 587 822 665 erunt3
846 582 930 666 quod
950 586 1021 647 erat
1039 583 1093 647 de-

74 685 335 750 monstrandum.

531 789 636 856 xvn.
700 809 835 826 ·

145 913 181 979 Si
218 914 416 999 compositae
448 915 688 1000 magnitudines
720 915 980 999 proportionales
1008 921 1092 1000 sunt,

75 1022 179 1087 etiam
203 1020 383 1086 dirimendo
406 1020 668 1103 proportionales
692 1024 795 1086 erunt.

144 1124 219 1193 Sint
241 1127 441 1213 compositae
463 1126 705 1211 magnitudines
729 1128 989 1212 proportionales
1015 1132 1092 1211 ΑΒ,

75 1238 151 1317 ΒΕ,
174 1235 244 1315 ΓΛ,
268 1236 344 1315 AZ,
367 1233 414 1297 ita
436 1235 474 1296 ut
497 1233 541 1297 sit
563 1237 629 1296 AB
643 1256 650 1298 ε
666 1236 732 1297 ΒΕ
744 1263 786 1286 ==
800 1235 864 1297 ΓΛ
877 1256 885 1297 :
899 1238 974 1298 AZ.
1012 1233 1092 1316 diue,

77 1340 177 1404 etiam
201 1338 379 1404 dirimendo
403 1359 474 1403 esse
498 1342 587 1403 An:
602 1341 664 1403 ΕΒ
679 1366 722 1392 ==
736 1341 819 1422 ΓΖ]
835 1343 868 1402 A
874 1343 910 1404 Z.

148 1449 313 1510 sumantur
343 1445 431 1510 enim
453 1445 714 1530 magnitudinum
738 1450 813 1530 ΑΕ,
836 1450 908 1530 ΕΒ,
931 1448 1001 1529 ΓΖ,
1024 1451 1092 1512 ΖΔ

76 1572 180 1636 aeque
203 1553 399 1637 multiplices
423 1554 499 1636 ΗΘ,
522 1556 601 1636 ΘΚ,
623 1557 714 1636 ΛΜ,
736 1557 821 1617 ΜΝ
840 1557 873 1617 et
895 1555 1091 1637 magnitudi-

74 1679 156 1723 num
171 1662 243 1742 EB,
259 1663 325 1737 ΖΛ
343 1658 426 1723 aliae
440 1657 574 1741 quaeuis
594 1678 694 1740 aeque
713 1659 907 1741 multiplices
921 1662 955 1721 K
958 1660 995 1742 Ξ,
1009 1663 1047 1723 Ν
1048 1665 1092 1724 Π.

75 1767 109 1829 et
133 1764 288 1849 quoniam
311 1769 379 1830 ΗΘ
402 1763 635 1850 magnitudinis
658 1767 728 1828 ΑΕ
749 1767 781 1827 et
804 1768 873 1828 ΘΚ
894 1764 1091 1849 magnitudi-

74 1871 128 1936 nis
158 1875 222 1936 ΕΒ
255 1891 355 1955 aeque
384 1871 555 1954 multiplex
583 1873 646 1954 est,
678 1869 740 1934 erit
763 1873 831 1935 ΗΘ
857 1862 1090 1956 magnitudinis

74 1980 146 2041 ΑΕ
158 1981 191 2041 et
205 1981 279 2042 HK
292 1976 525 2062 magnitudinis
540 1979 606 2041 ΑΒ
629 1997 730 2062 aeque
744 1976 916 2061 multiplex
936 1977 1040 2061 [prop.
1051 1977 1091 2060 Ι].

74 2104 189 2149 uerum
204 2086 272 2147 ΗΘ
294 2082 529 2168 magnitudinis
543 2086 613 2146 ΑΕ
634 2086 667 2146 et
681 2085 763 2146 AM
780 2083 1014 2166 magnitudinis
1029 2085 1091 2147 ΓΖ

75 2210 179 2274 aeque
202 2189 374 2273 multiplex
396 2191 454 2254 est.
487 2188 598 2271 itsque
621 2191 696 2252 HK
716 2189 950 2272 magnitudinis
970 2196 1035 2256 AB
1059 2196 1091 2256 et

77 2299 159 2360 AM
186 2295 422 2380 magnitudinis
450 2296 511 2358 ΓΖ
544 2314 643 2377 aeque
672 2293 843 2377 multiplex
875 2301 933 2360 est.
978 2319 1090 2362 rursus

78 2402 233 2485 quoniam
257 2404 337 2464 AM
357 2399 593 2491 magnitudinis
617 2402 677 2464 ΓΖ
701 2403 734 2464 et
756 2403 839 2464 MN
857 2403 1090 2487 magnitudinis

76 2511 145 2571 ΖΛ
172 2528 272 2591 aeque
301 2507 472 2591 multiplex
495 2509 560 2589 est,
587 2506 650 2570 erit
669 2509 753 2571 AM
771 2507 1005 2591 magnitudinis
1029 2511 1090 2573 ΓΖ

75 2615 109 2676 et
137 2616 212 2677 AN
237 2611 472 2696 magnitudinis
502 2614 569 2676 ΓΛ·
593 2632 693 2694 aeque
723 2612 893 2694 multiplex
922 2614 1027 2695 [prop.
1049 2611 1089 2694 I].

75 2721 146 2780 erat
169 2722 278 2782 autem
300 2721 382 2783 AM
398 2717 633 2803 magnitudinis
656 2720 717 2782 ΓΖ
740 2720 773 2782 et
796 2721 870 2783 HK
891 2719 1088 2802 magnitudi-

73 2823 128 2888 nis
155 2828 221 2888 AB
256 2844 355 2908 aeque
387 2825 588 2908 multiplex
613 2824 723 2909 itaque
751 2827 826 2888 HK
856 2825 1088 2910 magnitudinis

74 2934 142 2995 AB
176 2934 208 2994 et
235 2933 311 2994 AN
339 2929 572 3015 magnitudinis
599 2933 662 2995 ΓΛ
695 2951 796 3014 aeque
829 2932 1001 3014 multiplex
1032 2936 1089 2998 est.

74 3169 145 3246 ἄρα]
174 3175 204 3229 in
232 3192 286 3229 rae.
313 3193 349 3230 m.
375 3183 391 3230 2
415 3176 448 3230 V.
540 3176 613 3246 HK]
636 3180 663 3230 K
688 3175 719 3230 in
744 3191 797 3229 ras.
821 3195 858 3230 m.
878 3181 894 3229 2
914 3177 951 3243 V3
980 3181 1045 3232 AM
1058 3179 1089 3232 P.

110 3252 154 3301 20.
174 3247 236 3318 AB]
257 3250 278 3298 Β
296 3246 325 3300 in
343 3263 388 3300 ras
406 3264 443 3302 m.
463 3253 479 3301 2
499 3247 536 3314 V3
558 3250 609 3300 ΓΖ
626 3247 657 3302 P.
739 3245 812 3316 AM]
835 3251 894 3300 HK
911 3248 942 3305 P.
1026 3249 1088 3318 ΓΖ]

76 3320 127 3369 ΑΒ
150 3317 181 3370 Ρ.
227 3313 313 3371 πάλιν
342 3313 407 3372 ἐκεί
424 3349 457 3357 -
477 3324 524 3372 21:
549 3319 599 3373 τοῦ
626 3319 688 3388 ΓΖ]
712 3335 768 3388 mg.
792 3337 829 3372 m.
848 3335 902 3372 reo.
922 3318 958 3385 Β,
988 3335 1041 3374 om.
1061 3336 1088 3386 p.

113 3393 156 3440 21.
178 3387 244 3458 ΖΔ]
265 3392 316 3441 ΔΖ
336 3388 421 3457 BVp.
495 3395 538 3444 23.
557 3390 628 3459 AN]
648 3392 707 3443 ΛΗ
723 3390 750 3443 V
769 3405 784 3444 e
803 3406 874 3444 corr.
894 3406 931 3442 m.
949 3395 976 3443 t.
1045 3391 1100 3440 ta.

74 3457 141 3527 τοῦ]
162 3459 264 3528 (prins)
282 3459 324 3512 bis
342 3478 370 3529 p.
442 3459 506 3532 AB]
526 3476 596 3516 eras.
617 3479 644 3533 p.

126 3553 273 3604 Euclides,
289 3557 338 3598 edd.
352 3558 456 3610 Hortata
471 3564 494 3602 et
508 3561 602 3616 Mengs.
631 3565 664 3610 Π,
945 3556 963 3605 t
