2348 3818
108 126 152 190 82
483 127 685 179 ΣΤΟΙΧΕΙΩΝ
703 123 744 181 ς’.

165 267 274 336 Ἔστω
307 274 475 356 τρίγωνον
506 267 545 336 τὸ
569 273 679 353 ΑΒΓ,
710 268 767 336 καὶ
796 267 971 354 τετμήσθω
998 264 1021 355 ἡ
1054 264 1120 336 ὑπὸ

107 379 212 442 ΒΑΓ
239 379 346 503 γωνία
376 379 453 463 δίχα
482 372 548 445 ὑπὸ
580 380 640 462 τῆς
662 383 734 442 AA
756 371 905 454 εὐθείας·
936 375 1040 461 λέγω,
1070 373 1121 444 ὅτι

108 477 254 548 ἐστῖν“
231 507 277 560 ως
308 478 421 569 ἡΒΔ
443 480 528 571 πρὸς
556 480 618 569 την
642 488 724 569 ΓΔ,
754 479 862 561 οὕτως
890 477 912 568 ἡ
942 487 1010 549 BA
1038 480 1123 570 πρὸς

106 586 168 673 την
191 592 265 654 ΑΓ.

70 705 87 754 ⁶
165 690 284 781 Ἤχθω
308 693 373 783 γὰρ
397 691 453 762 διὰ
472 699 532 763 τοῦ
555 701 587 763 Γ
605 699 645 783 τῇ
670 703 740 762 AA
761 644 1019 784 παράλληλος
1000 721 1023 781 η
1048 699 1125 778 ΓΕ,

105 799 161 866 καὶ
193 804 372 888 διαχθεῖσα
403 799 515 888 ἡΒΑ
538 802 747 889 συμπιπτέτω
781 801 864 888 αὐτῇ
896 798 979 868 κατὰ
1011 797 1052 869 τὸ
1083 807 1125 868 Ε.

173 907 241 974 Καὶ
274 908 343 977 ἐπεὶ
375 911 423 988 είς
449 907 684 996 παραλλήλους
715 906 774 986 τὰς
802 914 888 992 ΑΛ,
907 910 974 973 ΕΓ
1001 903 1126 975 εὐθεῖα

106 1014 260 1082 ἐνέπεσεν
292 1012 313 1100 ἡ
342 1019 418 1100 ΑΓ,
455 1011 476 1100 ἡ
511 1013 576 1102 ἄρα
607 1011 674 1082 ὑπὸ
702 1018 806 1082 ΑΓΕ
829 1016 937 1098 γωνία
965 1019 1022 1098 ἴση
1052 1012 1127 1081 ἐστὶ

104 1123 144 1207 τῇ
172 1118 239 1188 ὑπὸ
268 1126 376 1188 ΓΑΔ.
422 1117 496 1188 ἀλλ’
516 1118 536 1207 ἡ
561 1117 628 1188 ὑπὸ
647 1126 751 1188 ΓΑΔ
768 1124 809 1207 τῇ
827 1116 895 1187 ὑπὸ
913 1125 1021 1186 ΒΑΔ
1039 1115 1125 1187 ὑπό-

55 1235 88 1285 10
106 1250 211 1293 κειται
235 1234 304 1312 ἴση·
326 1225 382 1293 καὶ
404 1223 425 1312 ἡ
449 1224 516 1294 ὑπὸ
539 1234 647 1295 BAA
669 1225 735 1316 ἄρα
757 1229 797 1313 τῇ
820 1221 888 1292 ὑπὸ
908 1230 1013 1293 ΑΓΕ
1030 1227 1126 1294 ἐστιν

106 1339 170 1417 ἴση.
215 1330 334 1417 πάλιν,
363 1331 433 1400 ἐπεὶ
460 1335 508 1411 εἴς
534 1331 768 1420 παραλλήλους
794 1356 855 1410 τας
879 1337 963 1417 AA,
977 1337 1047 1399 ΕΓ
1070 1333 1126 1400 εὐ-

104 1445 184 1505 θεῖα
213 1438 368 1506 ἐνέπεσεν
395 1435 417 1525 ἡ
441 1446 558 1526 ΒΑΕ,
586 1436 607 1525 ἡ
632 1437 724 1517 ἐκτὸς
746 1441 854 1524 γωνία
877 1434 898 1524 ἡ
921 1435 988 1505 ὑπὸ
1012 1445 1127 1506 BAA

106 1551 160 1628 ἴση
197 1544 266 1612 ἐστὶ
298 1570 338 1634 τη
362 1543 457 1625 ἐντὸς
483 1549 523 1634 τῇ
546 1542 613 1614 ὑπὸ
638 1551 746 1627 ΑΕΓ.
791 1547 927 1632 ἐδείχθη
956 1543 993 1612 δὲ
1017 1545 1076 1612 καὶ
1102 1541 1124 1633 ἡ

104 1643 171 1717 ὑπὸ
196 1656 299 1719 ΑΓΕ
316 1654 357 1740 τῇ
381 1646 446 1721 ὑπὸ
471 1658 577 1719 ΒΑΔ
604 1659 674 1737 ἴση·
701 1650 758 1718 καὶ
785 1647 807 1737 ἡ
837 1647 904 1718 ὑπὸ
924 1641 1028 1718 ΑΓΕ
1054 1648 1125 1739 ἄρα

52 1764 85 1814 15
105 1760 212 1840 γωνία
238 1761 278 1846 τῇ
307 1753 373 1826 ὑπὸ
404 1762 510 1825 ΑΕΓ
528 1757 619 1824 ἐστιν
643 1764 712 1842 ἴση·
755 1753 839 1824 ὥστε
865 1754 922 1822 καὶ
944 1754 1075 1844 πλευρὰ
1100 1753 1124 1842 ἡ

104 1870 173 1930 ΑΕ
203 1868 330 1954 πλευρᾷ
363 1868 402 1952 τῇ
435 1869 505 1932 ΑΓ
529 1866 619 1932 ἐστιν
653 1870 718 1949 ἴση.
766 1862 822 1930 καὶ
852 1861 922 1930 ἐπεὶ
949 1860 1124 1951 τριγώνου

103 1972 165 2036 τοῦ
188 1975 287 2038 ΒΓΕ
307 1967 397 2058 παρὰ
420 1974 501 2055 μίαν
524 1973 593 2036 των
616 1971 769 2059 πλευρῶν
792 1965 855 2056 τὴν
879 1973 946 2036 ΕΓ
969 1960 1071 2054 ἦκται
1099 1964 1123 2054 ἡ

103 2081 190 2159 ΑΔ,
218 2071 391 2160 ἀνάλογον
419 2070 485 2162 ἄρα
515 2075 606 2142 ἐστὶν
635 2072 680 2155 ὡς
706 2073 727 2162 ἡ
750 2083 820 2143 BA
842 2073 927 2165 πρὸς
953 2073 1016 2161 τὴν
1042 2079 1123 2159 ΔΓ,

105 2176 211 2257 οὕτως
238 2176 259 2265 ἡ
284 2187 351 2247 BA
373 2179 457 2269 πρὸς
483 2179 545 2267 τὴν
568 2188 644 2249 ΑΕ.
695 2191 750 2269 ἴση
780 2183 819 2250 δὲ
840 2179 862 2269 ἡ
886 2190 955 2249 ΑΕ
975 2185 1015 2270 τῇ
1042 2186 1122 2250 ΑΓ·

49 2295 85 2344 20
105 2281 150 2364 ὡς
181 2282 247 2372 ἄρα
278 2283 299 2371 ἡ
331 2293 400 2354 BA
432 2286 516 2376 πρὸς
547 2286 609 2374 τὴν
638 2293 714 2373 ΔΓ,
747 2286 855 2368 οὕτως
885 2286 907 2375 η
935 2294 1002 2355 ΒΑ
1035 2287 1123 2376 πρὸς

103 2389 166 2477 τὴν
189 2397 261 2459 ΑΓ.

167 2496 264 2565 Ἀλλὰ
297 2497 340 2584 δὴ
369 2503 452 2567 ἔστω
480 2497 525 2578 ὡς
552 2497 573 2585 ἡ
602 2507 671 2567 BA
697 2499 782 2588 πρὸς
812 2499 875 2587 τὴν
904 2506 981 2586 ΔΓ,
1009 2498 1121 2579 οὕτως

102 2601 123 2688 ἡ
152 2611 220 2672 BA
246 2603 330 2693 πρὸς
355 2605 419 2690 τὴν
448 2611 523 2690 ΑΓ,
554 2606 610 2672 καὶ
639 2605 825 2691 ἐπεζεύχθω
852 2602 874 2692 ἡ
902 2615 986 2674 AA·
1019 2607 1120 2692 λέγω,

104 2707 155 2776 ὅτι
183 2715 261 2798 δίχα
288 2711 442 2797 τέτμηται
471 2707 492 2797 ἡ
521 2707 587 2780 ὑπὸ
611 2717 715 2779 ΒΑΓ
737 2716 845 2797 γωνία
872 2707 938 2779 ὑπὸ
961 2721 1021 2798 τῆς
1044 2719 1119 2779 ΑΔ

48 2824 84 2873 25
104 2813 248 2896 εὐθείας.

174 2926 250 2991 Τῶν
282 2921 347 3012 γὰρ
380 2920 493 2991 αὐτων
529 2925 884 3009 κατασκευασθέντων,
922 2923 997 2990 ἐπεί
1026 2925 1120 2992 ἐστιν

104 3025 149 3107 ὡς
170 3025 192 3114 ἡ
215 3035 284 3096 BA
306 3029 390 3117 πρὸς
411 3029 474 3116 τὴν
498 3035 580 3115 ΔΓ,
605 3027 711 3108 οὕτως
732 3027 753 3115 ἡ
777 3036 844 3096 BA
862 3027 946 3117 πρὸς
963 3026 1027 3114 τὴν
1040 3035 1119 3115 ΑΓ,

103 3131 189 3202 ἀλλὰ
212 3135 268 3201 καὶ
291 3132 336 3215 ὡς
359 3133 380 3222 ἡ
403 3143 472 3204 BA
490 3135 575 3225 πρὸς
591 3133 653 3221 τὴν
673 3140 750 3220 ΔΓ,
774 3132 880 3213 οὕτως
899 3134 989 3247 ἐστὶν
1009 3133 1030 3221 ἡ
1049 3143 1119 3203 ΒΑ

176 3315 291 3386 1ααί]
322 3331 373 3384 sup
374 3331 407 3368 τε.
433 3315 464 3369 F
538 3320 561 3368 3.
593 3313 660 3384 ΓΔ]
689 3312 804 3368 ΔΓΡ.
877 3317 901 3367 7.
932 3305 1052 3374 ενθείας
1080 3312 1114 3369 V.

139 3332 405 3472 8.ίνέπεσεν]Ρφ
424 3385 485 3473 Bp
509 3379 641 3454 ἐμπίπτω
643 3383 745 3440 uv.sV
819 3377 953 3449 ίατςίνΡ
978 3399 1116 3454 comp

102 3461 128 3510 9.
147 3451 268 3510 αλλοίΡ.
360 3462 401 3514 11.
421 3452 505 3510 εὔθει
498 3457 539 3527 α]
565 3451 685 3517 εὐθείας
708 3454 806 3510 addito
832 3448 985 3509 adoniam
1002 3472 1060 3524 mg.
1078 3473 1117 3509 m.
