2310 3824
565 349 631 417 κδ’.

151 471 241 541 'mcv
263 468 337 541 ἀπὸ
362 471 504 562 ἀρτίου
526 471 704 561 ἀριθμοῦ
727 472 864 562 ἄρτιος
882 472 1106 564 ἀφαιρεθῇ,

88 576 106 646 6
130 578 269 660 λοιπὸς
291 577 429 668 ἄρτιος
452 584 571 648 ἔσται.

151 681 229 753 Ἀπὸ
253 684 318 774 γάρ
341 684 460 774 ἀρτίου
482 690 544 755 τοῦ
560 694 626 755 ΑΒ
646 685 761 774 ἀρτιος
779 683 973 776 ἀφῃρήσθω
994 684 1014 756 6
1036 694 1106 757 ΒΓ·

52 815 68 864 ο
87 793 190 878 λέγω,
214 790 265 860 ὅτι
289 790 307 860 6
330 791 448 873 λοιπὸς
471 791 489 861 6
514 800 575 861 ΓΑ
598 791 713 881 ἀρτιός
736 794 836 862 ἐστιν.

110 945 119 961 .
150 895 240 966 Ἐπεὶ
268 897 331 987 γάρ
361 897 379 966 6
408 907 473 966 AB
501 896 618 987 ἀρτιός
641 901 747 983 ἐστιν,
775 902 842 984 ἔχει
869 899 972 986 μέρος
995 897 1107 987 ἥμισυ.

87 1005 144 1072 διὰ
172 1002 213 1072 τά
241 1002 325 1072 αὐτὰ
354 1002 397 1092 δή
424 1005 481 1071 καὶ
509 1002 527 1072 6
555 1011 622 1072 ΒΓ
646 1008 711 1092 ἔχει
741 1004 840 1092 μέρος
867 1002 988 1090 ἥμισυ·
1025 1004 1106 1074 ὥστε

86 1111 142 1178 καὶ
174 1109 291 1190 λοιπὸς
319 1107 352 1194 [6
381 1114 442 1178 ΓΑ
469 1115 534 1197 ἔχει
567 1110 667 1198 μέρος
698 1107 815 1197 ήμισυ]
853 1107 970 1198 ἄρτιος
1000 1110 1102 1199 [ἀρα]

86 1215 177 1284 ἐστὶν
202 1213 220 1284 6
244 1222 323 1284 Ar·
347 1214 428 1302 ὅπερ
453 1219 521 1284 ἔδει
545 1218 658 1299 δεῖξαι.

39 1452 68 1501 ιο
564 1429 624 1497 κε’.

150 1547 237 1617 Ἐἀν
261 1546 336 1618 ἀπὸ
361 1546 503 1639 ἀρτίου
526 1548 704 1638 ἀριθμοῦ
727 1550 917 1639 περισσὸς
937 1550 1104 1641 ἀφαιρε-

85 1660 155 1746 θῇ,
179 1654 197 1724 6
221 1657 361 1738 λοιπὸς
383 1656 574 1747 περισσὸς
597 1663 717 1727 ἔσται.

149 1761 229 1832 Ἀπὸ
256 1763 321 1852 γάρ
350 1762 469 1852 ἀρτίου
496 1767 557 1832 τοῦ
583 1772 648 1833 ΑΒ
678 1763 835 1851 περισσὸς
864 1761 1061 1852 ἀφῃρήσθω
1085 1761 1100 1832 6

86 1876 162 1939 ΒΓ·
185 1871 287 1957 λέγω,
311 1867 362 1938 ὅτι
387 1868 404 1938 6
429 1870 547 1950 λοιπὸς
570 1868 588 1938 6
613 1877 674 1938 ΓΑ
696 1872 854 1958 περισσός
878 1873 981 1940 ἐστιν.

39 1999 67 2048 ιο
151 1974 354 2066 Ἀφῃρήσθω
378 1975 442 2066 γὰρ
466 1974 531 2045 ἀπὸ
556 1981 616 2045 τοῦ
640 1982 708 2043 ΒΓ
725 1974 831 2064 μουάς
854 1973 874 2064 ή
899 1984 975 2045 ΓΔ·
1001 1976 1022 2046 6
1042 1985 1103 2046 AB

85 2082 152 2168 ἀρα
185 2081 300 2168 ἀρτιός
333 2087 434 2154 ἐστιν.
485 2088 553 2151 ἔστι
587 2083 624 2151 66
656 2083 712 2151 καὶ
745 2080 762 2151 6
792 2091 857 2151 AB
887 2083 1018 2171 ἀρτιος·
1052 2085 1103 2152 καὶ

85 2187 202 2267 λοιπὸς
235 2189 301 2278 ἀρα
330 2186 348 2256 6
377 2197 449 2256 ΑΔ
477 2187 591 2277 ἀρτιός
619 2191 719 2256 ἐστιν.
764 2194 824 2256 καί
849 2191 917 2257 ἐστι
951 2187 1103 2277 μουάςή

85 2299 167 2361 ΓΔ·
193 2291 210 2361 6
235 2299 295 2361 ΓΑ
319 2291 383 2381 ἀρα
407 2294 563 2382 περισσός
587 2296 692 2362 ἐστιν·
717 2295 797 2382 ὅπερ
822 2298 890 2361 ἔδει
914 2296 1031 2376 δεῖξαι.

563 2489 629 2559 σις’.

39 2635 67 2686 ιο
151 2611 237 2681 Ἐἀυ
261 2609 335 2681 ἀπὸ
359 2616 552 2699 περισσοῦ
574 2611 751 2701 ἀριθμοῦ
773 2612 962 2701 περισσὸς
981 2610 1098 2701 ἀφαι-

86 2724 200 2807 ρεθή,
225 2717 242 2786 6
267 2717 406 2798 λοιπὸς
428 2716 566 2806 ἀρτιος
590 2723 708 2786 ἔσται.

150 2822 229 2891 'Ana
260 2823 324 2911 ῃάρ
353 2828 514 2912 περισσοῦ
542 2827 603 2892 τοῦ
631 2832 696 2891 ΑΒ
724 2822 882 2917 περισσὸς
911 2821 1104 2914 ἀφῃρήσθω

87 2927 104 2997 6
130 2936 204 2997 ΒΓ·
228 2931 329 3015 λέγω,
354 2931 406 2998 ὅτι
430 2928 448 2998 6
473 2926 589 3010 λοιπὸς
612 2927 630 2997 6
655 2937 716 2998 ΓΑ
739 2928 853 3018 ἀρτιός
877 2933 978 2998 ἐστιν.

157 3131 182 3178 4.
202 3120 364 3195 ἀφῃρήσθω
384 3120 527 3212 ἀρτιοςΡ.
603 3131 627 3179 ὅ.
648 3127 711 3196 ΓΑ]
733 3126 804 3180 ΓΡ.
878 3123 1005 3180 ἔστυιΡ.
1082 3133 1106 3181 7.

86 3200 141 3249 ΒΓ
176 3197 275 3249 ΓΒΕ.
348 3200 373 3249 8.
394 3190 638 3281 ὃΓΑ-ήμισυ]
659 3213 713 3251 om.
740 3199 771 3252 P.
845 3196 908 3267 ΓΑ]
934 3212 950 3250 ο
977 3213 1049 3253 corr.
1073 3198 1106 3253 V.

85 3262 142 3334 ἀροι
180 3282 235 3322 om
254 3267 284 3320 Ρ.
377 3272 401 3321 9.
422 3261 491 3353 ὅπερ
511 3265 571 3320 ἔδει
594 3268 700 3338 δεῖξαι]
724 3284 779 3322 om.
798 3267 883 3353 BVq.
977 3274 1019 3322 11
1040 3269 1108 3323 Post

85 3334 217 3404 περισσός
236 3337 300 3392 add.
319 3337 353 3391 F:
373 3333 497 3407 ἀριθμός
517 3339 639 3407 (οοωρη)
702 3343 743 3391 14.
763 3331 885 3464 ὅτιῃὸτι
903 3339 957 3391 καί
972 3338 1006 3392 V
1066 3346 1107 3394 15.

85 3405 118 3477 6]
139 3426 195 3476 seq.
215 3426 270 3464 ras.
290 3406 381 3464 2116.
400 3409 430 3464 Ρ
507 3414 549 3464 16.
570 3407 629 3462 ἔστι
648 3407 681 3462 δέ
696 3439 729 3449 -
746 3415 793 3463 17·
828 3409 900 3480 στιν]
920 3409 1014 3476 bisF,
1036 3427 1106 3466 corr.

84 3496 120 3534 m.
143 3485 166 3534 1.
225 3486 267 3536 16.
288 3476 364 3550 ἔστι]
386 3477 503 3534 ίστιυΡ.
562 3486 602 3534 17.
623 3475 757 3550 §aum
763 3496 885 3548 300mp.
904 3479 940 3545 Ἐς
966 3451 1026 3535 ἐστι
1046 3480 1107 3551 Vq
