2348 3818
78 160 144 226 230
457 161 659 215 Σνοωοοωω
677 158 713 227 ε’.

564 328 607 370 ν.

147 412 196 475 Οἱ
226 409 427 496 ἐλάχιστοι
459 405 631 496 ἀριθμοὶ
663 412 740 476 των
772 405 842 475 τὸν
875 403 999 474 αὐτὸν
1033 405 1095 473 λό-

77 542 149 601 γον
178 514 353 602 ἐχόντων
383 512 521 594 αὐτοῖς
543 517 731 601 μετροῦσι
758 511 851 593 τοὺς
877 509 948 580 τὸν
970 507 1097 578 αὐτὸν

77 619 200 706 λόγον
223 625 387 707 ἔχοντας
410 618 542 700 ἰσάκις
570 617 589 687 6'
611 645 651 687 τε
674 624 818 705 μείζων
842 616 912 687 τὸν
931 621 1095 704 μείζονα

43 726 143 794 ὁκαὶ
166 723 185 794 6
209 726 389 795 ἐλάσσων
410 723 483 793 τὸν
507 723 714 792 ἐλάσσονα.

134 831 312 902 Ἔστωσαν
342 829 407 919 γὰρ
435 830 602 918 ἐλάχιστοι
624 830 770 917 ἀριθμοὶ
799 834 868 898 τῶν
897 828 959 898 τὸν
988 827 1095 897 αὐτὸν

75 939 181 1027 ,λόγον
209 938 356 1026 ἐχόντων
384 950 454 1017 τοῖς
481 945 529 1023 A,
556 945 584 1004 Β
622 939 657 1003 οἱ
686 942 764 1021 ΓΛ,
795 944 869 1005 ΕΖ·
902 936 1008 1022 λέγω,
1042 935 1095 1003 ὅτι

78 1045 188 1126 ἰσάκις
211 1042 229 1112 6
254 1050 316 1111 PA
337 1041 397 1111 τὸν
423 1051 453 1109 A
476 1057 589 1130 μετρεῖ
608 1044 664 1110 καὶ
693 1042 710 1110 6
735 1049 800 1110 ΕΖ
822 1041 884 1110 τὸν
907 1050 946 1111 Β.
990 1076 994 1080 ·

141 1148 176 1216 0
203 1155 266 1217 PA
292 1147 357 1236 γὰρ
384 1152 446 1215 τοῦ
474 1156 506 1213 A
535 1146 597 1216 οὔκ
621 1152 689 1216 ἐστι
713 1150 805 1236 μέρη.
851 1153 882 1216 εἰ
903 1146 969 1235 γὰρ
993 1152 1095 1216 δυνα-

25 1268 60 1317 10
77 1258 152 1339 τόν,
176 1261 274 1323 ἔστω
296 1254 352 1322 καὶ
376 1253 393 1322 6
417 1253 526 1320 EZ’'
483 1281 588 1383 Ηαρα
592 1281 653 1323 του
638 1259 701 1322 Β
719 1255 760 1322 τὰ
780 1251 865 1322 αὐτὰ
889 1255 971 1341 μέρη
992 1256 1094 1338 ἐστίν,

78 1363 163 1449 ἅπερ
178 1350 205 1427 6
228 1366 291 1428 PA
313 1363 374 1427 τοῦ
398 1369 440 1427 A.
480 1357 544 1427 ὅσα
567 1357 633 1444 ἄρα
661 1360 752 1428 ἐστὶν
780 1361 817 1427 ἐν
844 1362 890 1452 τῷ
918 1366 981 1428 PA
1010 1359 1092 1447 μέρη

77 1471 140 1535 τοῦ
170 1475 218 1552 A,
250 1463 396 1533 τοσαῦτά
428 1467 497 1534 ἐστι
528 1467 584 1533 καὶ
616 1468 653 1534 ἐν
684 1471 730 1558 τῷ
762 1473 824 1533 ΕΖ
856 1467 938 1553 μέρη
966 1469 1029 1533 τοῦ
1056 1472 1094 1533 Β.

78 1570 294 1662 διῃρήσθω“
281 1599 298 1640 ο
322 1571 384 1657 μὲν
407 1578 471 1640 PA
492 1571 597 1653 εἰς
561 1599 601 1640 τα
621 1575 682 1641 τοῦ
700 1582 732 1639 A
752 1575 834 1660 μέρη
853 1571 893 1638 τὰ
913 1578 989 1657 PH,
1009 1578 1094 1658 HA,

79 1677 96 1747 6
122 1680 160 1748 δὲ
183 1687 246 1747 ΕΖ
269 1682 317 1760 εἰς
338 1679 378 1746 τὰ
402 1682 464 1748 τοῦ
491 1687 519 1747 Β
548 1681 630 1766 μέρη
657 1676 697 1745 τὰ
727 1686 805 1764 ΕΘ,
825 1685 900 1746 ΘΖ·
930 1682 1022 1745 ἔσται
1051 1676 1093 1764 δὴ

27 1794 59 1843 15
79 1794 155 1853 ἴσον
183 1785 221 1853 τὸ
250 1790 381 1871 πλῆθος
408 1790 476 1854 τῶν
505 1791 587 1870 ΓΗ,
610 1792 685 1853 ΗΔ
710 1788 756 1874 τῷ
780 1783 903 1870 πλήθει
926 1788 995 1852 τῶν
1018 1791 1093 1869 ΕΘ,

79 1900 149 1960 ΘΖ.
199 1892 255 1958 καὶ
283 1891 352 1958 ἐπεὶ
380 1899 448 1958 ἴσοι
477 1891 563 1958 εἰσὶν
592 1894 627 1958 οἱ
657 1896 739 1977 ΓΗ,
758 1897 832 1957 HA
863 1889 1004 1977 ἀριθμοὶ
1037 1888 1095 1958 οἳλ-

77 1998 207 2084 mohs,
240 1997 304 2064 εἰσὶ
333 1995 371 2063 δὲ
397 1997 452 2062 καὶ
481 1999 516 2063 οἱ
542 2003 621 2082 ΕΘ,
640 2003 702 2062 ΘΖ
729 1995 872 2084 ἀριθμοὶ
900 2005 967 2064 ἴσοι
998 1994 1096 2084 ἀλλή-

78 2110 165 2188 λοις,
198 2107 258 2169 καί
284 2104 374 2169 ἐστιν
403 2109 478 2169 ἴσον
510 2101 548 2169 τὸ
582 2106 713 2188 πλῆθος
744 2106 813 2171 τῶν
841 2109 922 2189 ΓΗ,
941 2110 1016 2170 HA
1048 2107 1093 2195 τῷ

78 2208 202 2294 πλήθει
224 2211 292 2275 τῶν
316 2215 394 2292 ΕΘ,
413 2212 490 2293 ΘΖ,
515 2212 605 2276 ἔστιν
628 2207 695 2297 ἅμα
719 2206 763 2288 ὥς
786 2205 804 2277 6
829 2215 901 2276 ΓΗ
925 2210 1009 2297 πρὸς
1032 2209 1094 2277 τὸν

26 2324 61 2373 20
80 2321 160 2399 ΕΘ,
185 2311 291 2391 οὕτως
319 2310 336 2379 6
365 2319 439 2379 HA
466 2311 550 2401 πρὸς
571 2312 633 2381 τὸν
655 2322 725 2382 ΘΖ.
766 2319 857 2382 ἔσται
880 2313 947 2402 ἄρα
969 2315 1025 2382 καὶ
1049 2311 1094 2394 ὡς

79 2415 127 2500 εἷς
154 2423 222 2488 τῶν
245 2415 443 2504 ἡγουμένων
473 2418 558 2507 πρὸς
585 2422 644 2487 ἕνα
672 2425 741 2489 τῶν
769 2421 959 2508 ἑπομένων,
988 2419 1094 2500 οὕτως

79 2524 223 2605 ἅπαντες
247 2528 281 2593 oc
302 2522 486 2611 ἡγούμενοι
513 2525 597 2613 πρὸς
619 2525 768 2605 ἅπαντας
794 2524 874 2606 τοὺς
901 2527 1094 2613 ἑπομένους.

79 2637 171 2702 ἔστιν
204 2631 270 2720 ἅμα
302 2627 347 2709 ὡς
380 2628 398 2698 6
432 2637 504 2698 PH
531 2630 615 2720 πρὸς
646 2630 707 2699 τὸν
734 2639 812 2718 ΕΘ,
846 2631 953 2712 οὕτως
985 2630 1003 2701 6
1032 2640 1094 2701 PA

79 2739 162 2826 πρὸς
193 2738 254 2806 τὸν
286 2741 361 2804 ΕΖ·
394 2741 429 2805 οἱ
459 2744 541 2824 PH,
564 2745 627 2804 ΕΘ
659 2735 725 2825 ἄρα
756 2749 827 2817 τοῖς
859 2743 937 2824 PA,
961 2746 1024 2806 EZ
1057 2743 1094 2808 ἐν

152 2922 177 2971 1
195 2911 243 2985 κ]
268 2912 318 2968 μοι’
343 2915 433 2983 Vm),
457 2916 535 2969 Pm
554 2932 623 2980 ree.;
646 2915 908 2970 ianonliuet.
999 2921 1024 2971 8
1044 2936 1094 2972 τον

79 2989 119 3058 Λ]
140 3002 209 3076 ομιτ.
229 3001 264 3040 ex
281 2982 312 3040 τὸ
332 2985 405 3039 AV
497 2992 522 3039 9.
542 2955 623 3040 ἐστιν
641 2986 672 3042 Β.
764 2991 806 3042 10.
830 2933 936 3040 ἕσσω·
924 2981 939 3041 6
964 2991 1016 3041 PA
1043 2987 1094 3042 τοῦ

80 3065 102 3112 A
122 3056 296 3126 p6anpw.
379 3056 428 3110 τοῦ
449 3056 687 3126 B.]p0steaadd
705 3057 740 3111 V
821 3062 862 3111 11.
883 3051 953 3125 ὅπερ
971 3057 1003 3124 Β,
1024 3074 1094 3113 corr.

80 3147 117 3182 m.
136 3135 162 3182 2.
227 3132 273 3181 ..12
294 3121 418 3181 ἐστινΒ.
486 3127 555 3197 νον]
573 3127 617 3182 b1s
636 3126 669 3181 V.
740 3132 781 3181 14
803 3127 871 3198 ΘΖ]
892 3128 1004 3195 ΘΗΡ;
1025 3146 1094 3184 corr.

79 3218 116 3253 m
144 3214 199 3252 rec.
250 3198 311 3251 ἴσον
338 3194 374 3266 δὴ
408 3195 486 3251 ἔσται
513 3216 540 3267 p.
636 3193 723 3269 δή]
715 3216 745 3251 m
768 3215 822 3252 ras
847 3218 877 3267 φ
974 3169 1016 3254 16.
1046 3201 1094 3253 ναὶ

81 3265 253 3324 {nsi-:19
277 3269 334 3322 τῶν
357 3269 426 3336 ΕΘ,
447 3267 516 3356 ΘΖ]
542 3268 596 3324 del.
620 3267 657 3334 V,
682 3284 736 3322 om.
761 3289 791 3336 φ.
865 3274 907 3324 16.
930 3269 985 3323 ἴσοι
1010 3268 1092 3340 εἰσίν]

81 3358 135 3396 om
154 3341 188 3395 V.
253 3333 393 3408 ἀλλήλοις]
414 3310 469 3393 ἰζοοι
488 3334 617 3406 ἀλλήλοις
635 3336 707 3393 εἰσίν
725 3339 759 3394 V.
825 3345 866 3394 1⁷.
887 3338 957 3410 εἰσί]
977 3338 1092 3426 εἰσίνΡ,

79 3415 183 3466 ἴσον.
257 3411 324 3482 ἴσοι]
344 3427 397 3464 om
417 3427 445 3477 p
520 3415 561 3463 19.
581 3409 654 3479 ΕΘ]
675 3410 699 3463 Θ
724 3426 739 3464 ο
763 3425 832 3465 corr.
851 3410 884 3464 V.
958 3415 1000 3464 22.
1020 3404 1093 3464 οἶνοι·

66 3501 117 3543 τες
160 3498 261 3551 ,.cort
282 3500 319 3538 m.
340 3498 395 3538 ree.
