2310 3824
69 158 134 222 178
447 157 649 209 monim
668 152 708 211 ς’.
788 178 794 187 -

67 301 127 380 τὰς
150 300 212 367 δύο
236 296 382 386 πλευρὰς
404 308 475 378 ταίς
499 298 576 365 δνσὶ
599 304 756 385 πλευραῖς
774 293 947 384 ἀνάλογον
968 304 1085 387 ἔχοντα

68 404 152 474 ὥστε
175 403 234 484 τὰς
257 403 444 490 ὁμολόγους
467 401 579 471 αὐτῶν
602 400 747 491 πλευρὰς
768 403 825 471 καὶ
852 405 1088 493 παραλλήλους

69 508 172 594 εἶναι,
200 512 237 575 αλ
262 510 376 577 λοιπαὶ
403 514 472 578 των
499 509 674 597 τριγώνων
697 509 838 596 πλευραί
866 507 917 578 ἐπ’
950 509 1087 593 εὐθείας

67 621 214 685 ἔσονται·
239 614 319 704 ὅπερ
344 621 410 684 ἔδει
435 617 548 696 δείξαι.

31 836 47 884 5
543 809 606 895 λγ’.

131 934 192 1003 Ἐν
224 949 308 1016 τοῖς
340 943 446 1012 ίσοις
477 938 639 1012 κύκλοις
671 936 712 1000 αί
742 938 886 1019 γωνίαι
916 932 988 1002 τὸν
1020 934 1084 1004 αὖ·

66 1042 137 1110 τὸν
170 1048 306 1130 ἔχουσι
339 1040 460 1126 λόγον
496 1053 582 1119 ταῖς
614 1044 905 1127 περιφερείαις,
936 1039 998 1130 ἐφ’
1033 1033 1085 1110 ὦν

67 1149 302 1234 βεβήκασιν,
336 1146 405 1213 ἐοίν
432 1172 471 1214 τε
502 1145 600 1231 πρὸς
625 1158 708 1224 τοῖς
735 1146 920 1231 κέντροις
953 1147 1082 1215 ἐάντε

68 1254 164 1344 πρὸς
186 1267 271 1332 ταῖς
293 1257 570 1340 περιφερείαις
593 1243 665 1319 οἷσι
687 1256 908 1337 βεβηκυῖαι.

17 1365 48 1414 10
125 1360 300 1427 Ἔστωσαν
333 1367 401 1426 ίσοι
431 1358 548 1426 κύκλοι
577 1361 612 1426 οί
638 1364 747 1444 ΑΒΓ,
772 1366 888 1443 ΔΕΖ,
918 1361 977 1427 καί
1004 1356 1086 1448 πρὸς

66 1466 128 1553 μὲν
155 1478 225 1544 τοῖς
252 1465 402 1552 κέντροις
430 1462 541 1532 αὐτῶν
569 1477 639 1544 τοῖς
668 1471 718 1548 Η,
737 1471 766 1531 Θ
787 1470 910 1550 γωνίαι
934 1470 1085 1534 ἔστωσαν

66 1575 103 1640 αί
133 1569 199 1639 ὑπὸ
233 1576 346 1657 ΒΗΓ,
366 1579 476 1657 ΕΘΖ,
508 1570 591 1660 πρὸς
623 1569 661 1639 δὲ
691 1584 764 1650 ταῖς
794 1577 1025 1658 περιφερείαις
1053 1574 1089 1639 αί

65 1677 130 1747 ὑπὸ
151 1683 260 1762 ΒΑΓ,
276 1685 390 1745 ΕΔΖ·
409 1679 505 1764 λέγω,
526 1675 577 1745 ὅτι
596 1677 686 1744 ἐστὶν
706 1673 750 1755 ὡς
769 1675 789 1762 ἡ
809 1681 876 1743 ΒΓ
888 1680 1086 1766 περιφέρεια

65 1783 149 1874 πρὸς
180 1783 242 1872 τὴν
275 1792 338 1853 ΕΖ
369 1786 598 1872 περιφέρειαν,
632 1781 738 1862 οὕτως
769 1783 791 1869 η’
822 1809 858 1851 τε
884 1781 951 1850 ὑπὸ
982 1791 1091 1853 ΒΗΓ

17 1915 46 1962 15
66 1897 173 1977 γωνία
203 1891 288 1978 πρὸς
314 1890 377 1976 τὴν
408 1889 472 1957 ὑπὸ
509 1897 604 1956 ΕΘΖ
640 1889 696 1956 καὶ
723 1889 744 1975 ἡ
772 1885 839 1957 ὑπὸ
872 1894 978 1956 ΒΑΓ
1001 1889 1087 1978 πρὸς

64 1997 128 2084 τὴν
151 1996 216 2065 ὑπὸ
240 2003 350 2062 ΕΔΖ.

132 2108 337 2168 Κείσθωσαν
361 2097 425 2186 γὰρ
448 2103 487 2186 τῇ
512 2098 573 2183 μὲν
596 2104 663 2166 ΒΓ
681 2106 875 2189 περιφερείᾳ
904 2109 977 2169 ίσαι
1000 2103 1086 2170 κατὰ

64 2205 102 2274 τὸ
133 2207 206 2291 ἑξῆς
235 2203 482 2290 ὁσαιδηποτοῦν
515 2206 553 2270 αί
574 2210 653 2291 ΓΚ,
673 2212 756 2292 ΚΛ,
780 2212 820 2295 τῇ
845 2206 883 2274 δὲ
904 2215 968 2274 ΕΖ
992 2234 1087 2297 περι-

66 2317 184 2400 φερείᾳ
208 2320 276 2378 ἴσαι
301 2311 551 2396 ὁσαιδηποτοῦν
575 2313 612 2377 αι’
634 2320 720 2397 ΖΜ,
739 2320 834 2400 ΜΝ,
857 2313 915 2380 καὶ
935 2316 1085 2403 ἐπεζεύχ-

17 2451 47 2498 20
66 2426 185 2485 θωσαν
208 2419 245 2482 αί
267 2423 354 2501 ΗΚ,
373 2423 460 2502 ΗΛ,
480 2423 566 2503 ΘΜ,
586 2425 661 2486 ΘΝ.

128 2521 217 2590 Ἐπεὶ
242 2514 304 2589 οὖν
329 2530 398 2589 ίσαι
422 2524 508 2591 εἰσὶν
532 2527 568 2590 αί
590 2530 660 2609 ΒΓ,
682 2531 761 2610 ΓΚ,
780 2531 850 2592 ΚΛ
872 2528 1085 2616 περιφέρειαι

135 2719 260 2773 XXXIII.
283 2715 337 2773 Cfr.
358 2719 517 2774 zenodorus
536 2734 582 2789 ap.
601 2719 705 2774 Theon.
723 2720 753 2774 in
771 2719 889 2773 Ptolem.
913 2737 941 2788 p.
964 2727 996 2775 11
1017 2722 1082 2778 Bas.

135 2919 160 2968 3
180 2912 316 2982 πλευραί]
344 2928 396 2967 om.
419 2931 447 2982 p
520 2920 545 2968 ὃ.
563 2911 613 2967 λθ’
640 2914 760 2984 petF,
780 2929 849 2968 corr.
867 2933 905 2970 m
924 2932 980 2970 rec.
1056 2925 1080 2973 7.

64 2978 163 3068 λόγον
177 2981 324 3072 ἒχονσιλί.
362 2978 413 3045 τὰς
439 2987 637 3055 περιφερείας,
665 3001 735 3040 corr.
762 3002 798 3038 m.
828 2984 901 3040 2V.
976 2991 1001 3042 8.
1028 2983 1081 3042 ίοίν

63 3071 92 3107 τε
112 3049 183 3120 πρὸς
201 3061 260 3116 τοῖς
279 3051 417 3125 κέντροις]
436 3073 493 3124 mg.
512 3073 548 3110 m
564 3027 663 3110 τεο.Ῥ.
736 3061 760 3110 9.
781 3073 848 3109 ωσιν
862 3056 920 3110 ΡΒ
995 3060 1080 3131 βεβη-

62 3125 155 3211 κοῖαι]
174 3127 240 3193 post
257 3126 311 3180 hoc
329 3126 498 3181 uocabulum
517 3126 580 3180 add.
601 3126 711 3180 Theon:
741 3123 782 3181 ἔτι
806 3124 838 3180 δὲ
865 3125 912 3179 καὶ
938 3125 969 3181 οί
985 3135 1080 3198 τομεῑς

63 3213 112 3247 ατε
134 3195 201 3263 (οἵτε
222 3194 268 3264 F)
274 3194 343 3263 πρὸς
361 3203 419 3258 τοῖς
438 3195 565 3264 κέντροις
585 3194 781 3277 συνιστάμενοι
805 3192 1019 3267 (συνεστᾶμενοι
1047 3198 1078 3266 Β)

63 3263 198 3335 (BFVp)‚
213 3265 282 3322 Pm
297 3283 351 3322 rec.
409 3273 449 3322 12.
471 3269 573 3337 ΒΗΓ]
589 3266 644 3322 htt
659 3268 745 3320 ΗΓ
736 3285 765 3321 1n
779 3268 877 3324 rasF
932 3271 1021 3323 ΕΘΖ
1053 3271 1078 3322 Ε

62 3336 92 3390 in
110 3352 162 3394 ras.
183 3355 219 3391 m.
241 3337 307 3392 1Β.
399 3344 440 3392 16.
460 3338 528 3393 Post
548 3341 631 3392 ΕΔΖ
650 3337 713 3392 add.
733 3338 844 3393 Theon·
869 3337 918 3392 καλ
943 3337 984 3394 ἔτι
1009 3341 1078 3409 (στι

63 3424 152 3494 comp
171 3403 235 3476 φ)ὁ
221 3408 437 3495 ΗΒιαΓβο
454 3426 507 3464 ras
528 3428 564 3463 m.
585 3410 654 3476 2V,
675 3408 950 3498 HBZFPetseq.
970 3426 1026 3465 ras.
1045 3412 1076 3479 F)

62 3497 164 3548 τομευς
191 3475 262 3549 πρὸς
290 3476 340 3534 τὸν
371 3481 485 3534 ΘΕΠΖ
513 3480 552 3548 (in
576 3497 628 3534 ras.
652 3497 689 3534 m.
714 3486 729 3533 2
753 3480 789 3549 V)
817 3476 906 3550 τομὲα
930 3479 1075 3550 (BFVp);
