2348 3818
124 155 189 220 364
498 158 701 210 ΣΤΟΙΧΕΙΩΝ
716 152 761 210 θ’.

124 295 269 383 ἅπαντα,
297 294 340 365 ὃν
367 295 411 384 μὴ
439 311 565 385 μετρεῖ,
593 296 724 384 πρῶτός
752 301 855 367 ἐστιν·
883 301 920 366 οἱ
945 305 992 384 Ε,
1015 306 1049 365 Α
1072 295 1136 385 ἄρα

123 406 248 488 πρῶτοι
276 400 359 485 πρὸς
386 399 552 488 ἀλλήλους
581 407 676 471 εἰσίν.
720 403 776 471 καλ
809 404 878 472 ἐπεὶ
907 401 926 472 6
956 410 990 472 Ε
1014 401 1079 472 τὸν
1104 411 1136 470 A

123 520 247 594 μετρεῖ,
271 513 428 595 μετρείτω
452 506 555 577 αὐτὸν
577 508 661 578 κατὰ
684 509 745 578 τὸν
769 517 809 577 Ζ·
838 507 856 578 6
879 517 912 576 E
933 508 1000 597 άρα
1024 508 1088 578 τὸν
1109 517 1135 577 Ζ

123 610 417 691 πολλαπλασιάσας
441 610 502 680 τὸν
527 621 560 679 A
582 618 769 700 πεποίηκεν.
815 610 932 700 πάλιν,
963 615 1037 683 ἐπεὶ
1065 612 1083 685 6
1105 624 1136 683 A

89 720 184 791 στὸν
208 727 241 786 A
264 731 377 807 μετρεῖ
397 717 479 785 κατὰ
503 717 562 799 τὰς
585 720 621 786 ἐν
643 722 689 808 τῷ
712 725 745 786 Γ
772 719 937 807 μονάδας,
968 717 986 790 6
1012 730 1046 788 A
1073 720 1133 811 ἄρα

123 824 184 894 τὸν
212 831 245 892 Γ
267 824 559 903 πολλαπλασιάσας
584 823 645 891 τὸν
669 832 703 891 A
725 831 913 912 πεποίηκεν.
960 824 1048 895 άλλά
1071 826 1135 914 μὴν

123 932 178 998 ιιαλ
201 929 220 1000 6
244 939 277 998 E
296 929 355 999 τὸν
380 937 407 997 Ζ
430 928 723 1011 πολλαπλασιάσας
743 930 804 998 τὸν
834 939 867 998 A
893 938 1090 1019 πεποίηκεν·
1117 930 1133 1000 6

123 1035 188 1124 ἄρα
212 1041 338 1106 ἐκτῶν
365 1046 412 1122 A,
432 1043 464 1105 Γ
487 1044 559 1115 ἴσος
588 1037 656 1104 ἐστὶ
679 1039 725 1129 τῷ
750 1039 876 1105 ἐκτῶν
899 1046 945 1124 E,
966 1046 1003 1106 Ζ.
1047 1044 1133 1107 ἔστιν

123 1141 188 1226 άρα
219 1139 263 1220 ὡς
290 1139 310 1209 6
336 1152 369 1210 A
396 1141 480 1230 πρὸς
506 1140 566 1211 τὸν
593 1151 638 1227 Ε,
667 1139 686 1210 6
714 1140 847 1229 Ζπρὸς
868 1141 928 1212 τὸν
958 1150 995 1212 Γ.
1044 1149 1079 1213 οἱ
1098 1144 1133 1212 66

72 1271 105 1318 10
124 1257 170 1333 A,
190 1255 222 1314 E
242 1251 378 1334 πρῶτοι,
403 1251 439 1315 ολ
459 1249 496 1317 66
519 1253 645 1338 πρῶτοι
667 1248 724 1316 καὶ
747 1248 924 1336 ἐλάχιστοι,
948 1253 985 1317 ολ
1006 1250 1047 1318 66
1064 1250 1131 1319 ἐλά·

123 1372 230 1440 χιστοι
253 1357 412 1441 μετροῦσι
434 1354 514 1434 τοὺς
531 1353 591 1422 τὸν
610 1351 715 1422 αὐτὸν
734 1353 838 1440 λόγον
862 1359 1000 1442 ἔχοντας
1027 1355 1131 1436 λσάιιις
1168 1398 1170 1407 ·

124 1456 143 1525 6
170 1484 205 1525 τε
232 1456 420 1545 ἡγούμενος
446 1459 507 1528 τὸν
534 1458 726 1547 ἡγούμενον
753 1462 808 1528 καὶ
837 1458 854 1529 6
886 1460 1053 1547 ἑπόμενος
1075 1461 1130 1531 τὸν

124 1562 301 1651 ἑπόμενοι)ς
334 1578 448 1653 μετρεῖ
473 1563 537 1652 άρα
566 1563 584 1632 6
612 1573 644 1632 E
669 1564 728 1634 τὸν
756 1572 792 1634 Γ.
843 1571 1001 1655 μετρείτω
1032 1567 1131 1635 αὐτὸν

122 1670 205 1737 κατὰ
236 1669 296 1740 τὸν
325 1678 371 1737 Η·
406 1668 423 1738 6
451 1678 484 1737 E
511 1669 577 1758 άρα
604 1668 664 1739 τὸν
692 1677 732 1738 Η
754 1672 1050 1755 πολλαπλασιάσας
1076 1671 1130 1741 τὸν

72 1808 104 1855 15
124 1781 156 1842 Γ
178 1782 365 1863 πεποίηκεν.
412 1775 496 1844 άλλά
530 1775 597 1864 μὴν
630 1776 686 1844 διὰ
716 1776 754 1845 τὸ
788 1777 851 1868 πρὸ
879 1777 1005 1847 τούτου
1032 1779 1087 1847 καὶ
1113 1775 1128 1846 6

124 1892 156 1949 A
181 1881 243 1950 τὸν
271 1890 299 1949 Β
329 1883 620 1963 πολλαπλασιάσας
646 1883 707 1951 τὸν
736 1890 768 1951 Γ
791 1889 979 1970 πεποίηκεν.
1029 1883 1128 1971 ὁάρα

124 1991 249 2056 ἐκτῶν
273 1998 319 2073 A,
339 1996 367 2055 Β
391 1997 463 2068 λ’σος
487 1990 553 2056 ἐστὶ
577 1992 621 2079 τῷ
647 1993 773 2057 ἐκτῶν
801 1998 846 2075 E,
864 1998 907 2057 H.
951 1997 1044 2059 ἔστιν
1068 1990 1127 2077 άρα

125 2091 168 2172 ὡς
193 2091 209 2160 6
234 2102 266 2160 A
289 2093 372 2225 πρὸς
394 2093 454 2162 τὸν
479 2103 525 2180 E,
551 2092 568 2162 6
593 2102 632 2161 H
650 2093 733 2182 πρὸς
755 2093 815 2162 τὸν
839 2103 876 2162 Β.
923 2099 958 2162 ολ
979 2097 1020 2164 66
1043 2103 1130 2182 A,E

123 2203 265 2286 πρῶτοι,
294 2202 329 2266 οἱ
355 2198 391 2266 δὲ
410 2205 535 2287 πρῶτοι
558 2201 613 2268 καὶ
638 2198 819 2287 ἐλάχιστοι,
847 2201 940 2268 0666
964 2204 1127 2291 ἐλάχιστοι

71 2337 105 2384 20
124 2303 265 2392 ἀριθμοὶ
292 2310 449 2394 μετροῦσι
473 2305 551 2386 τοὺς
573 2304 633 2373 τὸν
657 2303 762 2374 αὐτὸν
785 2305 889 2392 λόγον
913 2312 1051 2394 ἔχοντας
1076 2305 1129 2376 αὐ-

122 2424 193 2490 τοῖς
229 2409 388 2489 ἰσάκις”
368 2436 385 2477 ο
419 2438 453 2478 τε
485 2409 672 2497 ἡγούμενος
703 2410 763 2479 τὸν
795 2409 988 2540 ἡροάμενρν
1021 2411 1125 2482 καὶ
1114 2440 1129 2480 ο

124 2516 285 2603 ἑπόμενος
306 2515 367 2585 τὸν
391 2515 567 2601 επομενον
604 2517 760 2604 μετρελ”
738 2542 803 2602 αρα
827 2514 845 2585 6
871 2524 902 2583 Ε
922 2515 982 2585 τὸν
1006 2527 1044 2587 Β.
1083 2547 1131 2609 με·

122 2629 238 2710 τρείτοι
271 2621 375 2690 αὐτὸν
402 2621 484 2689 κατά
512 2620 573 2689 τὸν
597 2629 638 2689 Θ·
672 2619 689 2689 6
719 2629 751 2688 E
776 2620 842 2708 άρα
868 2622 929 2690 τὸν
957 2631 986 2691 Θ
1015 2635 1133 2696 πολλα·

123 2729 308 2808 πλασιάσας
329 2727 391 2797 τὸν
414 2736 442 2796 Β
465 2733 652 2813 πεποίηκεν.
694 2726 778 2795 άλλά
800 2727 868 2814 μὴν
891 2731 947 2797 καὶ
970 2727 988 2797 6
1010 2742 1043 2799 A
1063 2734 1133 2800 ἑαο

70 2866 104 2914 25
125 2833 184 2901 τὸν
208 2834 500 2914 πολλαπλασιάσας
523 2833 583 2902 τὸν
608 2842 636 2901 Β
659 2841 850 2920 πεποίηκεν·
876 2833 893 2902 6
917 2833 984 2922 άρα
1009 2839 1045 2905 ἐκ
1070 2844 1134 2908 τῶν

124 2948 168 3025 Ε,
188 2947 216 3007 Θ
239 2948 311 3018 λσος
338 2940 406 3008 ἐστὶ
433 2944 479 3034 τῷ
506 2937 572 3007 άπὸ
600 2944 663 3008 τοῦ
689 2950 730 3009 A.
772 2946 862 3008 ἔστιν
890 2942 955 3030 άρα
984 2940 1032 3024 ὡς
1062 2943 1081 3014 6
1110 2952 1136 3013 E

122 3047 205 3132 πρὸς
227 3044 287 3113 τὸν
312 3056 357 3132 A,
389 3044 406 3113 6
431 3056 463 3113 A
485 3045 569 3132 πρὸς
592 3045 653 3113 τὸν
676 3053 712 3114 Θ.
759 3049 795 3114 ολ
816 3046 853 3114 66
877 3057 923 3134 A,
944 3055 976 3115 E
997 3056 1134 3139 πρῶτοι,

124 3155 159 3218 ολ
180 3151 218 3219 δὲ
240 3155 365 3240 πρῶτοι
388 3152 443 3218 καὶ
468 3149 646 3237 ἐλάχιστοι,
672 3154 707 3219 ολ
728 3150 766 3218 66
785 3151 950 3239 ἐλάχιστοι
974 3162 1134 3245 μετροῦσι

123 3256 204 3338 τοὺς
225 3257 347 3326 τὸτ’
306 3257 413 3326 αυτὸν
433 3257 537 3342 λόγον
564 3261 701 3343 ἔχοντας
725 3256 875 3337 λσάκις“
855 3286 873 3327 ο
892 3283 927 3326 τε
946 3256 1136 3350 ἡγούμενος

193 3407 218 3455 2.
239 3398 292 3453 εἰσι
311 3400 372 3468 Vm.
437 3404 461 3451 4
481 3403 620 3467 πεποίηκε
640 3400 701 3485 ch.
763 3406 786 3454 9.
813 3395 902 3463 οὕτως
925 3396 939 3455 6
964 3402 1038 3459 ΖΒ
1100 3386 1170 3477 10}

118 3466 198 3526 0666
219 3465 376 3544 ἐλάχιστοι]
395 3487 432 3524 m.
452 3467 519 3523 23.
575 3476 618 3524 11
637 3465 815 3540 v6v]0m.B
873 3477 912 3525 12.
933 3452 1170 3547 τε]ἱιιεεε..φ
1167 3500 1170 3553 j

63 3564 76 3597 ι
