2348 3818
101 137 166 201 100
193 174 197 179 .
480 135 680 188 Συοιιιιιιαα
699 129 740 187 τ’.

98 277 196 367 πρὸς
231 282 275 366 τῇ
310 276 463 367 ααθίτῳ
500 281 674 365 τρίγωνα
711 277 829 363 ὅμοιοί
868 277 951 343 ἐστι
988 282 1039 366 τῷ
1077 301 1117 344 τε

100 382 176 476 ὅλῳ
200 383 268 451 καί
291 380 489 469 ἀλλήλοις.

159 489 268 559 ’Ἐστω
292 495 458 579 τρίγωνον
482 486 699 576 ὀρθογώνιον
721 489 759 558 τὸ
779 494 883 557 ΑΒΓ
902 484 1015 576 ὀρθὴν
1040 493 1117 577 ἔχον

101 595 164 684 τὴν
198 593 264 665 ὑπο
295 602 400 664 ΒΑΓ
424 600 568 682 γωνίαν,
600 596 656 663 καί
687 593 784 682 ἤχθω
817 592 883 664 ἀπὸ
914 597 977 663 τοῦ
1003 605 1036 663 Α
1065 597 1117 664 ἐπὶ

68 701 165 788 ττὴν
199 707 267 770 ΒΓ
293 701 436 782 νώθοτος
468 699 489 787 ν]
523 709 606 770 ΑΔ·
644 702 742 788 λέγω,
780 697 831 769 ὅτι
865 697 990 788 ὅμοιόν
1027 704 1117 770 ἐστιν

101 807 260 897 ἑκάτερον
287 811 357 876 τών
385 813 506 892 ΑΒΔ,
522 812 631 875 ΑΔΓ
653 805 828 895 τριγώνων
857 807 924 898 ὅλῳ
948 811 994 901 τῷ
1019 815 1121 876 ΑΒΓ

100 911 158 982 Ιναί
178 919 228 982 ἔτι
252 912 420 1002 ἀλλήλοις.

165 1019 256 1090 Ἐπεί
284 1018 350 1108 γὰρ
378 1027 433 1105 ἴση
462 1019 552 1087 ἐστίν
578 1015 601 1104 ἡ
631 1015 699 1086 ὑπὸ
721 1023 826 1087 ιΒΛΓ
842 1023 883 1108 τῇ
907 1015 973 1088 ὑπο
999 1028 1117 1088 ΑΔΒ·

51 1259 85 1308 10
102 1258 138 1302 τε
172 1237 276 1300 ΑΒΓ
301 1231 359 1298 καί
390 1233 451 1298 τοὺ
479 1237 584 1298 ΑΒΔ
612 1227 634 1316 ἡ
664 1229 748 1317 πρὸς
775 1233 821 1323 τῷ
850 1232 893 1317 Β,
921 1230 1023 1318 λοιπὴ
1050 1230 1119 1320 ἄρα

102 1337 124 1425 ἡ
148 1335 215 1406 ὑπὸ
231 1343 329 1406 ΑΓΒ
345 1339 444 1424 λοιπῇ
466 1340 508 1422 τῇ
527 1333 594 1404 ὑπὸ
613 1343 719 1404 ΒΑΔ
738 1339 828 1405 ίστιν
848 1345 917 1424 ἴση·
935 1335 1121 1423 ίσογώνιον

101 1428 170 1531 ἄρα
207 1443 277 1511 ἐστὶ
312 1468 350 1511 το
388 1447 492 1510 ΑΒΓ
523 1442 690 1530 ’τρίγωνον
729 1446 777 1532 τῷ
815 1450 921 1510 ΑΒΔ
957 1443 1122 1537 τριγώνῳ.

104 1554 195 1617 ἔστιν
234 1547 302 1639 ἄρα
337 1546 382 1629 ὥς
418 1546 439 1635 ἡ
473 1553 540 1616 ΒΓ
567 1547 791 1618 ὑποτείνουσα
822 1550 884 1635 τὴν
913 1547 1024 1637 ὀρθὴν
1058 1555 1122 1619 τοῦ

104 1637 209 1724 Α’ΒΓ
225 1656 395 1745 τριγώνου
415 1653 501 1742 πρὸς
523 1654 585 1742 τὴν
610 1665 676 1725 ΒΑ
697 1655 943 1724 ὑποτείνουσαν
969 1679 1034 1743 την
1064 1655 1121 1744 ὀρ-

55 1787 88 1836 15
106 1761 177 1849 θὴν
204 1766 266 1831 τοῦ
294 1771 400 1831 ΑΒΔ
426 1764 607 1850 τριγώνου,
642 1763 749 1843 οὕτως
779 1760 865 1848 αὐτὴ
895 1758 916 1848 ἡ
943 1769 1011 1830 ΑΒ
1042 1761 1126 1832 ὑπο-

62 1923 65 1927 .
104 1873 262 1938 τείνουσα
293 1869 356 1956 τὴν
383 1867 469 1957 πρὸς
494 1872 540 1961 τῷ
569 1875 598 1936 Γ
629 1875 758 1953 γωνίαν
784 1872 848 1937 τοῦ
875 1872 979 1935 ΑΒΓ
1001 1869 1126 1956 τριγώ

104 1994 169 2043 νου
197 1974 281 2064 πρὸς
308 1973 372 2060 τὴν
399 1982 467 2042 ΒΔ
496 1971 745 2042 ὑποτείνουσαν
772 1973 835 2061 τὴν
862 1981 941 2060 ίσιγν
967 1973 1031 2060 τὴν
1050 1972 1124 2043 ὑπὸ

105 2086 212 2146 ΒΑΔ
234 2082 296 2146 τοῦ
321 2085 427 2146 ΑΒΔ
449 2080 630 2165 τριγώνου,
659 2079 716 2146 καί
744 2084 792 2148 ἔτι
819 2076 841 2166 ἡ
865 2084 936 2146 ΑΓ
952 2078 1037 2167 πρὸς
1060 2079 1126 2168 τὴν

105 2190 176 2250 ΑΔ
207 2180 452 2253 ὑποτείνουσαν
483 2182 546 2270 τὴν
580 2183 664 2272 πρὸς
698 2188 743 2278 τῳ
771 2192 800 2253 Β
831 2189 960 2278 γωνίαν
1000 2185 1126 2274 ποινὴν

57 2317 92 2366 20
110 2292 178 2357 τών
202 2288 266 2357 δύο
285 2291 468 2380 τριγώνων.
504 2288 542 2358 τὸ
565 2297 667 2359 ΑΒΓ
686 2289 753 2379 ἄρα
771 2297 937 2379 τρίγωνον
955 2295 1003 2384 τῷ
1016 2300 1126 2361 ΑΒΔ

106 2393 258 2488 τριγώνῳ
291 2395 473 2483 ίοογώνιόν
504 2397 542 2464 ’τί
571 2399 641 2465 ἐστι
671 2397 728 2466 καί
758 2394 818 2478 τὰρ
850 2398 925 2486 περὶ
954 2397 1014 2479 τὰς
1048 2406 1127 2479 ίτας

106 2508 232 2588 γωνίας
263 2499 407 2590 πλευρὰς
439 2499 609 2589 ἀνάλογον
642 2508 716 2591 ἔχει.
767 2504 888 2590 ὅμοιον
920 2502 987 2593 ὅίρα
1021 2505 1121 2590 [ἐστὶ]

106 2607 144 2677 τὸ
173 2614 278 2677 ΑΒΓ
299 2613 466 2696 τρίγωνον
496 2613 542 2701 τῳ
576 2617 680 2678 ΑΒΔ
711 2611 873 2701 τριγώνῳ,
920 2606 1047 2697 ὁμοίως
1081 2611 1126 2698 ὃν]

108 2702 275 2802 ὑείξομὲν,
304 2715 356 2782 ὅτι
383 2716 439 2782 καὶ
466 2719 512 2808 τῳ
537 2721 645 2784 ΑΔΓ
659 2715 814 2808 τριγώνῳ
843 2717 966 2804 ὅμοιόν
992 2716 1125 2786 ἔστιτὸ

183 2969 206 3016 1.
227 2959 302 3017 ἔστιν
320 2963 350 3017 F.
406 2970 430 3018 4.
450 2964 569 3052 γωνίαν]
590 2978 644 3018 om.
663 2983 690 3032 p.
756 2969 781 3019 ὃ.
801 2965 869 3036 ΒΓ]
889 2968 944 3018 ΑΓ
960 2964 993 3021 V.
1058 2969 1112 3020 ΑΔ

112 3039 165 3088 ΔΑ,
182 3033 212 3089 Ρ.
250 3029 387 3089 ἐστιΓΓ.
460 3042 484 3090 8.
504 3030 580 3105 ὑπο]
599 3034 768 3105 ροώοιιὶαο.
788 3035 818 3090 Γ.
856 3039 939 3089 ΒΑΓ
954 3035 1087 3104 γωνίαΓ
1120 3080 1126 3093 .

149 3104 249 3174 ΑΔΒ]
269 3108 350 3159 ΑΒΔ
368 3105 402 3174 V,
422 3123 490 3161 corr.
510 3125 546 3160 m.
567 3111 591 3160 2.
666 3111 707 3161 12.
726 3105 783 3176 τῷ]
804 3121 873 3161 corr.
893 3106 996 3161 οττῶν
1010 3125 1047 3160 m.
1065 3114 1079 3160 1
1094 3107 1127 3161 P.

113 3175 209 3245 ΑΒΔ]
231 3178 252 3227 Β
271 3194 355 3246 supra
372 3179 486 3232 m.1F.
562 3176 1125 3248 mr]rssssetseq.ras.11itt.1‹*.

147 3244 217 3317 τήν]
241 3248 307 3316 post
327 3265 381 3302 ras.
407 3255 421 3302 1
445 3247 500 3303 litt.
525 3248 558 3302 V.
650 3253 691 3303 14.
711 3248 807 3319 ΑΒΓ]
833 3253 859 3302 Γ
879 3248 909 3302 in
927 3264 979 3303 rae.
998 3267 1035 3302 m.
1055 3254 1072 3302 2
1092 3248 1126 3302 V.

112 3317 179 3388 ΒΑ]
199 3318 229 3371 in
246 3335 301 3373 ται.
320 3337 354 3373 m.
382 3325 397 3374 2
417 3319 450 3375 V.
542 3313 761 3391 ὑποτείνουσαν]
785 3335 854 3374 nort.
878 3336 913 3373 ex
934 3313 1127 3374 ὑποτείνουσα

112 3406 147 3442 m.
167 3405 223 3444 reo.
242 3389 277 3455 P;
301 3390 330 3444 in
354 3407 408 3446 τοο.
432 3409 469 3447 m.
489 3397 505 3444 2
524 3389 557 3446 V.
631 3395 672 3444 15.
701 3385 902 3445 ὑποτείνουσαι
925 3390 960 3456 Γ,
985 3411 995 3444 ι
1019 3406 1089 3446 eras.
