2348 3818
88 135 130 199 68
475 132 677 185 ΣΤοΙΧΕΙΩΝ
696 126 732 186 ε’.

154 280 299 365 Πρῶτον
326 271 451 362 γὰρτὸ
475 281 541 342 ΑΒ
565 271 647 362 πρὸς
671 272 828 361 δεύτερον
850 269 888 340 τὸ
913 277 947 339 Γ
963 269 1024 340 τὸν
1048 269 1110 340 αὐ-

86 381 148 452 τὸν
172 383 270 469 ἐχέτω
294 380 398 467 λόγον
420 380 476 447 καὶ
499 384 614 469 τρίτον
636 376 674 447 τὸ
690 386 761 446 ΔΕ
781 377 864 467 πρὸς
885 379 1046 466 τέταρτον
1070 376 1108 446 τὸ

88 496 126 574 Ζ,
150 488 248 574 ἐχέτω
273 487 310 556 δὲ
334 487 389 555 καὶ
412 486 560 573 πέμπτον
584 484 621 554 τὸ
645 493 715 552 ΒΗ
737 484 821 574 πρὸς
844 483 1003 572 δεύτερον
1025 484 1067 554 τὸ
1082 490 1115 554 Γ

87 592 147 663 τὸν
176 591 281 662 αὐτὸν
309 592 413 680 λόγον
437 592 493 660 καὶ
518 593 615 659 ἕκτον
636 592 674 659 τὸ
699 599 762 658 ΕΘ
785 588 868 679 πρὸς
889 591 1055 679 τέταρτον,
1072 593 1111 660 τὸ

53 708 129 769 ὅΖ·
167 700 267 786 λέγω,
298 697 349 767 ὅτι
376 699 432 766 καὶ
460 696 624 766 συντεθὲν
653 700 787 785 πρῶτον
814 696 870 764 καὶ
897 696 1048 782 πέμπτον
1070 686 1109 766 τὸ

88 813 161 875 ΛΗ
187 803 270 895 πρὸς
298 803 457 891 δεύτερον
483 801 521 871 τὸ
546 809 579 870 Γ
601 800 660 871 τὸν
685 800 792 870 αὐτὸν
815 803 881 883 ἕξει
904 801 1023 889 λόγον,
1052 803 1110 871 καὶ

88 918 203 1000 τρίτον
226 912 282 980 καὶ
306 913 402 979 έκτον
424 909 462 978 τὸ
488 916 562 994 ΔΘ,
576 906 660 997 πρὸς
682 909 839 997 τέταρτον
862 905 899 977 τὸ
923 915 960 976 Ζ.

153 1018 243 1087 Ἐπεὶ
272 1017 337 1107 γάρ
367 1020 456 1085 ἐστιν
486 1043 531 1095 ως
557 1013 595 1110 τὸ
621 1022 695 1083 ΒΗ
712 1014 795 1105 πρὸς
817 1013 854 1084 τὸ
878 1021 917 1101 Γ,
942 1012 1049 1096 οὕτως
1071 1015 1110 1084 τὸ

90 1132 153 1192 ΕΘ
175 1123 259 1212 πρὸς
281 1120 318 1190 τὸ
345 1129 382 1206 Ζ,
405 1118 575 1189 ἀνάπαλιν
599 1120 665 1209 ἄρα
688 1119 733 1202 ὡς
755 1145 793 1189 το
816 1127 849 1189 Γ
867 1119 951 1210 πρὸς
972 1121 1010 1189 τὸ
1027 1128 1110 1209 ΒΗ,

38 1243 72 1292 10
91 1227 197 1309 οὕτως
220 1227 257 1295 τὸ
283 1234 310 1292 Ζ
332 1225 416 1313 πρὸς
436 1224 475 1294 τὸ
497 1234 568 1294 ΕΘ.
619 1228 689 1294 ἐπεὶ
713 1218 776 1294 οὖν
800 1228 891 1294 ἐστιν
915 1225 960 1307 ὡς
981 1225 1019 1295 τὸ
1041 1235 1111 1295 ΑΒ

90 1333 173 1422 πρὸς
200 1331 238 1400 τὸ
267 1339 305 1418 Γ,
339 1330 444 1413 οὕτως
471 1331 509 1401 τὸ
538 1340 608 1400 ΔΕ
634 1331 716 1422 πρὸς
743 1330 789 1414 τὸ,
804 1340 847 1419 Ζ,
881 1330 925 1412 ὡς
954 1331 991 1400 δὲ
1017 1330 1058 1401 τὸ
1083 1337 1117 1400 Γ

91 1437 175 1526 πρὸς
197 1435 234 1506 τὸ
258 1445 343 1525 ΒΗ,
368 1437 474 1520 οὕτως
496 1437 534 1508 τὸ
559 1448 585 1506 Ζ
608 1440 692 1528 πρὸς
713 1438 751 1508 τὸ
776 1447 850 1526 ΕΘ,
874 1435 920 1506 δι’
942 1447 1018 1506 ἴσον
1041 1436 1111 1527 ἄρα

92 1544 183 1612 ἐστὶν
207 1541 252 1624 ὡς
273 1543 311 1613 τὸ
331 1554 396 1615 ΑΒ
419 1569 503 1637 προς
524 1545 561 1615 τὸ
583 1552 662 1632 ΒΗ,
686 1544 792 1627 οὕτως
814 1543 851 1614 τὸ
872 1552 943 1612 ΔΕ
963 1542 1048 1633 πρὸς
1071 1571 1110 1614 το

91 1657 163 1720 ΕΘ.
200 1653 257 1720 καὶ
281 1653 351 1721 ἐπεὶ
375 1656 561 1743 διῃρημένα
583 1654 710 1741 μεγέθη
734 1650 905 1738 ἀνάλογόν
928 1653 1029 1736 ἐστιν,
1054 1652 1112 1720 καὶ

41 1771 73 1820 15
92 1759 297 1826 συντεθέντα
331 1757 500 1847 ἀνάλογον
533 1765 637 1828 ἔσται·
679 1764 769 1827 ἔστιν
801 1757 867 1844 ἄρα
900 1753 945 1835 ὡς
971 1755 1009 1824 τὸ
1037 1764 1117 1825 ΑΗ

90 1875 173 1953 πρὸς
200 1863 238 1932 τὸ
263 1872 348 1951 ΗΒ,
377 1864 483 1946 οὕτως
509 1892 548 1934 το
574 1873 640 1933 ΔΘ
668 1863 749 1952 πρὸς
776 1863 814 1932 τὸ
843 1869 914 1930 ΘΕ.
969 1866 1038 1929 ἔστι
1074 1862 1112 1931 δὲ

90 1970 146 2036 καὶ
170 1967 215 2050 ὥς
237 1969 274 2038 τὸ
300 1978 371 2037 ΒΗ
390 1969 473 2059 πρὸς
494 1971 533 2038 τὸ
555 1978 594 2056 Γ,
623 1969 731 2052 οὕτως
752 1969 790 2040 τὸ
814 1978 877 2038 ΕΘ
899 1965 983 2056 πρὸς
1005 1968 1042 2036 τὸ
1071 1975 1112 2036 Ζ·

92 2072 137 2140 δι’
164 2083 241 2142 ἴσον
269 2075 335 2165 ἄρα
363 2077 453 2144 ἐστὶν
477 2074 523 2156 ὡς
545 2079 582 2145 τὸ
606 2085 680 2146 ΑΗ
700 2077 782 2165 πρὸς
805 2074 842 2146 τὸ
866 2083 909 2160 Γ,
942 2071 1048 2154 οὕτως
1072 2072 1111 2143 τὸ

94 2186 162 2246 ΔΘ
184 2179 268 2264 πρὸς
289 2180 327 2250 τὸ
348 2190 383 2249 Ζ.

43 2302 78 2350 20
160 2281 240 2353 Ἐὰν
268 2285 335 2374 ἄρα
362 2292 495 2375 πρῶτον
523 2288 606 2377 πρὸς
639 2288 798 2378 δεύτερον
826 2286 887 2356 τὸν
917 2284 1023 2355 αὐτὸν
1052 2292 1111 2377 ἔχῃ

92 2388 197 2475 λόγον
220 2391 276 2458 καὶ
299 2396 413 2479 τρίτον
437 2391 520 2481 πρὸς
547 2394 713 2483 τέταρτον,
737 2398 793 2482 ἔχῃ
818 2391 856 2460 δὲ
878 2392 934 2459 καὶ
958 2392 1111 2479 πέμπτον

92 2492 176 2583 πρὸς
200 2494 360 2583 δεύτερον
378 2495 438 2564 τὸν
457 2495 563 2567 αὐτὸν
581 2499 686 2586 λόγον
704 2498 760 2566 καὶ
779 2499 875 2566 ἕκτον
894 2496 978 2586 πρὸς
995 2499 1111 2588 τέταρ-

92 2628 168 2687 τον,
193 2601 248 2669 καὶ
268 2600 432 2669 συντεθὲν
451 2613 584 2690 πρῶτον
602 2605 658 2672 καὶ
678 2604 825 2690 πέμπτον
844 2604 928 2694 πρὸς
947 2603 1111 2693 δεύτερον

93 2705 153 2773 τὸν
190 2704 296 2775 αὐτὸν
334 2709 399 2788 ἕξει
430 2706 535 2794 λόγον
568 2710 622 2776 καὶ
655 2713 768 2797 τρίτον
800 2709 856 2775 καὶ
894 2711 991 2777 ἕκτον
1025 2709 1112 2798 πρὸς

46 2829 80 2880 25
97 2814 267 2901 τέταρτον·
294 2809 375 2899 ὅπερ
399 2816 466 2880 ἔδει
491 2817 603 2896 δεῖξαι.

570 3053 630 3095 τε.

159 3163 246 3232 Ἐὰν
283 3168 453 3256 τέσσαρα
485 3169 634 3255 μεγέθη
666 3165 867 3253 ἀνάλογον
899 3158 937 3255 ᾖ,
972 3166 1009 3236 u*
1046 3169 1113 3253 μέ-

94 3290 232 3358 γιστον
259 3269 416 3357 [αὐτῶν]
441 3274 505 3341 καὶ
529 3272 571 3342 τὸ
592 3273 803 3361 ἐλάχιστον
830 3273 903 3341 δύο
926 3277 1004 3341 τῶν
1027 3281 1112 3340 λοι-

95 3383 182 3447 πῶν
205 3379 367 3466 μείζονά
392 3382 507 3448 ἐστιν.
