2348 3818
109 143 175 208 362
484 145 686 198 monum
703 136 747 200 ε’.

109 283 261 376 άριθμὸν
290 296 402 374 μετρεῖ
422 284 478 352 καὶ
502 282 520 354 5
544 293 579 352 A
600 282 660 354 τὸν
683 292 727 352 Ε·
755 280 896 365 ἐναλλὰξ
919 281 988 373 άρα
1007 283 1126 367 ,ἰσάκις

109 390 131 478 ἡ
160 402 192 459 A
221 390 328 478 μονάς
354 389 415 459 τὸν
444 401 477 458 A
504 405 618 480 μετρεῖ
644 392 700 460 καὶ
724 388 742 459 5
767 397 796 458 Β
818 387 877 458 τὸν
901 396 940 457 Ε.
987 386 1009 476 η
1036 389 1076 458 δὲ
1096 400 1126 458 A

110 495 217 584 μονάς
239 494 300 565 τὸν
323 506 358 565 A
380 511 493 585 μετρεῖ
512 496 595 566 κατὰ
618 496 678 578 τάς
701 499 740 566 ἐν
763 494 854 590 αὐτῷ
876 494 1045 584 μονάδας·
1072 496 1124 564 καὶ

111 600 130 672 5
154 611 182 671 Β
206 601 273 690 άρα
293 601 356 672 τὸν
380 611 411 672 Ε
432 617 545 691 μετρεῖ
564 603 647 672 κατὰ
670 602 730 684 τάς
757 606 794 673 ἐν
819 607 868 696 τῷ
896 610 931 669 A
959 601 1122 690 μονάδας·

77 726 93 776 σ
112 707 197 804 ὥστε
220 706 239 776 5
264 708 415 777 ἐλάσσων
437 706 456 778 5
480 717 508 778 Β
531 708 591 779 τὸν
615 714 749 796 μείζονα
771 707 833 777 τὸν
855 716 888 776 Ε
907 723 1028 797 μετρεῖ
1044 709 1123 776 ιιατά

105 840 186 883 τινα
201 813 436 903 ἀριθμὸντῶν
453 813 676 904 ὑπαρχόντων
695 817 733 883 ἐν
746 828 816 895 τοῖς
834 813 1010 902 ἀνάλογον
1030 814 1122 904 άρνδ-

109 933 193 1008 μοῖς.

518 1045 713 1135 Πόρισμα.

178 1170 247 1236 Καὶ
279 1168 445 1258 φανερόν,
478 1168 529 1237 ὅτι
559 1166 602 1256 ἣν
630 1175 696 1259 ἔχει
723 1168 818 1251 τάξιν
846 1166 864 1236 5
898 1173 1033 1258 μετρῶν
1061 1166 1119 1237 άπὸ

59 1293 93 1342 10
112 1274 273 1363 μονάδος,
301 1273 363 1361 τὴν
386 1273 493 1362 αὐτὴν
517 1277 661 1363 ἔχεικαὶ
685 1273 703 1344 5
731 1273 811 1344 καθ’
846 1273 888 1344 δν
917 1289 1037 1365 μετρεῖ
1060 1272 1118 1343 άπὸ

110 1387 172 1450 τοῦ
187 1379 415 1467 μετρουμένου
430 1381 482 1448 ἐπὶ
496 1380 533 1450 τὸ
549 1380 613 1470 πρὸ
629 1379 746 1449 αὐτοῦ.
760 1421 803 1431 -
819 1379 900 1469 ὅπερ
916 1387 985 1451 ἔδει
1012 1383 1118 1463 δεῖξαι.

589 1574 647 1661 ιβ’.

176 1697 264 1767 Ἐαν
292 1696 366 1768 άπὸ
396 1697 572 1786 μονάδος
595 1696 816 1768 ὁποσοιοῦν
839 1697 1012 1788 άριδμοὶ
1041 1702 1119 1785 ἑξῆς

113 1804 315 1892 ἀνάλογον
344 1797 457 1891 οόσιν,
486 1803 550 1891 ὑφ’
581 1803 685 1874 ὅσων
713 1801 762 1873 άν
792 1803 810 1873 5
835 1810 1001 1892 ἔσχατος
1028 1804 1118 1893 πρά-

60 1927 93 1977 15
114 1938 191 1980 των
224 1909 409 1999 άριθμῶν
442 1915 647 1997 μετρῆται,
680 1909 754 1979 ὑπὸ
788 1916 863 1980 τῶν
896 1909 1030 1979 αὐτῶν
1062 1909 1119 1978 καὶ

113 2015 131 2085 5
156 2016 260 2103 παρὰ
284 2015 356 2103 τὴν
379 2017 534 2102 μονάδα
556 2016 858 2103 μετρηθήσεται.

173 2121 345 2190 Ἔστωσαν
378 2119 443 2189 άπὸ
477 2122 625 2208 μονάδος
657 2119 949 2208 ὁποσοιδηποτοῦν
984 2119 1120 2210 άριθμοὶ

113 2226 284 2313 ἀνάλογον
313 2231 348 2296 οἱ
369 2238 415 2313 A,
434 2236 479 2313 Β,
499 2235 542 2314 Γ,
563 2237 608 2295 A·
636 2231 737 2314 λέγω,
762 2229 813 2296 ὅτι
835 2225 895 2314 ὑφ’
923 2229 1017 2296 ὅσων
1040 2224 1084 2296 άν
1104 2224 1118 2294 5

114 2343 147 2400 A
174 2332 315 2420 πρώτων
343 2331 502 2422 άριθμῶν
533 2338 705 2421 μετρῆται,
737 2331 803 2401 ὑπὸ
832 2338 899 2401 τῶν
929 2331 1046 2402 αὐτῶν
1072 2333 1120 2402 καὶ

62 2437 134 2514 205
159 2450 191 2507 A
214 2438 465 2527 μετρηθήσεται.

180 2551 381 2634 Μετρείσθω
409 2543 473 2633 γάρ
502 2543 520 2612 5
546 2554 579 2612 A
601 2543 667 2613 ὑπό
691 2571 782 2624 τινος
804 2544 939 2628 πράτον
972 2543 1121 2634 άριθμοῦ

112 2658 173 2721 τοῦ
201 2660 242 2719 Ε·
270 2654 371 2738 λέγω,
400 2650 451 2719 ὅτι
479 2648 497 2719 5
527 2659 559 2718 Ε
583 2649 641 2719 τὸν
669 2661 702 2720 A
729 2665 847 2737 μετρεῖ.
893 2652 937 2737 μη
961 2651 1043 2740 γάρ·
1074 2657 1124 2720 καί

114 2761 203 2826 ἐστιν
236 2755 254 2825 5
283 2765 313 2824 Ε
339 2761 484 2843 πρῶτος,
517 2755 602 2836 ἅπας
635 2757 672 2824 δὲ
703 2762 834 2845 πρῶτος
866 2753 1015 2845 άριδμδς
1045 2758 1123 2845 πρὸς

184 2975 208 3023 2.
229 2966 303 3023 δδΛ
281 2965 421 3039 Λ]δε’φ.
486 2974 510 3024 4.
530 2969 567 3038 τῷ
588 2970 629 3039 A]
649 2963 777 3038 αάτῷφ.
841 2974 866 3024 8.
884 2965 1064 3039 πόρισμα-
1029 2977 1122 3025 —112

112 3036 167 3164 πρὸ
188 3035 302 3126 αὐτοῦ]
314 3056 368 3093 om.
394 3039 492 3091 Theon
515 3024 629 3110 (Bvqu).
701 3046 726 3095 8.
745 3035 883 3122 πόρισμα]
903 3055 957 3093 om.
978 3040 1010 3093 P.
1089 3047 1124 3095 11

115 3106 162 3164 ἐπὶ
181 3106 230 3179 τό]
251 3110 362 3196 scripsi·
382 3104 455 3164 κατά
474 3106 573 3163 τόνΡ.
615 3105 752 3196 αάτοά]
772 3108 884 3179 εοείρεὶ·
909 3103 1002 3165 αὐτοῦ
1023 3131 1065 3174 ως
1081 3108 1125 3167 τότ

114 3179 188 3236 AP
282 3186 323 3233 14
343 3152 429 3267 όσων]
454 3196 523 3234 corr.
548 3196 582 3232 ex
605 3170 645 3235 ὧν
669 3199 705 3235 m.
725 3198 779 3235 rec.
800 3179 830 3233 Ρ.
922 3185 964 3232 15.
984 3190 1125 3250 μετρεῖται

114 3252 204 3320 Bch.
293 3257 334 3305 1⁷.
354 3247 559 3340 ὁσοιδηποτονν
578 3249 668 3318 Bth.
755 3257 796 3306 18.
817 3246 874 3304 ὑπὸ
886 3246 1010 3338 όσωΡ,
1031 3273 1050 3307 ν
1069 3253 1124 3309 εδδ

113 3327 491 3390 ω.εεο.19.μετρειται
513 3322 584 3407 Vq).
642 3327 685 3376 22.
705 3318 766 3392 τόν]
786 3321 835 3375 καὶ
862 3318 912 3375 τόν
919 3295 1010 3406 VQ'
1028 3327 1072 3393 et,
1100 3323 1125 3376 us

112 3394 239 3461 uidetur,
267 3393 289 3445 B
316 3409 352 3445 m.
382 3408 437 3445 ree.
485 3387 522 3461 μὴ
552 3388 605 3460 γάρ
636 3390 809 3461 μετρείτω
797 3412 812 3446 ο
841 3394 866 3444 Ε
897 3387 948 3446 τόν
984 3399 1006 3448 A
1036 3395 1126 3452 'Phaon

106 3465 223 3536 (31⁷5)
