<?xml version="1.0" encoding="UTF-8"?>
<!DOCTYPE html PUBLIC "-//W3C//DTD XHTML 1.0 Transitional//EN"
    "http://www.w3.org/TR/xhtml1/DTD/xhtml1-transitional.dtd">
<html xmlns="http://www.w3.org/1999/xhtml" xml:lang="en" lang="en">
 <head>
  <title>
</title>
<meta http-equiv="Content-Type" content="text/html;charset=utf-8" />
  <meta name='ocr-system' content='tesseract 3.04.00' />
  <meta name='ocr-capabilities' content='ocr_page ocr_carea ocr_par ocr_line ocrx_word'/>
</head>
<body>
  <div class='ocr_page' id='page_1' title='image "./euclidisoperaom15unkngoog_0228.png"; bbox 0 0 2348 3818; ppageno 0'>
   <div class='ocr_carea' id='block_1_1' title="bbox 346 142 1093 209">
    <p class='ocr_par' dir='ltr' id='par_1_1' title="bbox 346 142 1093 209">
     <span class='ocr_line' id='line_1_1' title="bbox 346 142 1093 209; baseline -0.007 -9"><span class='ocrx_word' id='word_1_1' title='bbox 346 147 621 200; x_wconf 82' lang='lat' dir='ltr'><strong>ELEMENTORUM</strong></span> <span class='ocrx_word' id='word_1_2' title='bbox 638 147 747 198; x_wconf 83' lang='lat' dir='ltr'>LIBER</span> <span class='ocrx_word' id='word_1_3' title='bbox 765 146 825 199; x_wconf 88' lang='lat' dir='ltr'><strong>VH.</strong></span> <span class='ocrx_word' id='word_1_4' title='bbox 1027 142 1093 209; x_wconf 79' lang='lat'><strong>205</strong></span> 
     </span>
    </p>
   </div>
   <div class='ocr_carea' id='block_1_2' title="bbox 77 288 1093 481">
    <p class='ocr_par' dir='ltr' id='par_1_2' title="bbox 77 288 1093 481">
     <span class='ocr_line' id='line_1_2' title="bbox 77 288 1093 373; baseline -0.002 -19"><span class='ocrx_word' id='word_1_5' title='bbox 77 291 166 372; x_wconf 83' lang='lat' dir='ltr'><strong>dico,</strong></span> <span class='ocrx_word' id='word_1_6' title='bbox 199 291 299 356; x_wconf 71' lang='lat' dir='ltr'><strong>eiiam</strong></span> <span class='ocrx_word' id='word_1_7' title='bbox 324 295 390 355; x_wconf 91' lang='lat' dir='ltr'><strong>AB</strong></span> <span class='ocrx_word' id='word_1_8' title='bbox 411 294 451 373; x_wconf 83' lang='grc' dir='ltr'><strong>·Ι-</strong></span> <span class='ocrx_word' id='word_1_9' title='bbox 472 294 543 354; x_wconf 85' lang='grc' dir='ltr'><strong>ΛΕ</strong></span> <span class='ocrx_word' id='word_1_10' title='bbox 567 311 777 353; x_wconf 85' lang='lat' dir='ltr'><strong>numerorum</strong></span> <span class='ocrx_word' id='word_1_11' title='bbox 805 292 837 353; x_wconf 95' lang='grc' dir='ltr'><strong><em>Γ</em></strong></span> <span class='ocrx_word' id='word_1_12' title='bbox 852 291 892 370; x_wconf 84' lang='grc' dir='ltr'><strong>·Ι-</strong></span> <span class='ocrx_word' id='word_1_13' title='bbox 913 293 940 352; x_wconf 90' lang='grc' dir='ltr'>Ζ</span> <span class='ocrx_word' id='word_1_14' title='bbox 964 288 1093 353; x_wconf 81' lang='lat' dir='ltr'><strong>easdem</strong></span> 
     </span>
     <span class='ocr_line' id='line_1_3' title="bbox 78 394 773 481; baseline -0.001 -20"><span class='ocrx_word' id='word_1_15' title='bbox 78 401 191 481; x_wconf 84' lang='lat' dir='ltr'><strong>partes</strong></span> <span class='ocrx_word' id='word_1_16' title='bbox 215 418 302 479; x_wconf 79' lang='lat' dir='ltr'>esse,</span> <span class='ocrx_word' id='word_1_17' title='bbox 326 417 407 480; x_wconf 86' lang='lat' dir='ltr'><strong>quae</strong></span> <span class='ocrx_word' id='word_1_18' title='bbox 432 395 476 460; x_wconf 77' lang='lat' dir='ltr'><strong>sit</strong></span> <span class='ocrx_word' id='word_1_19' title='bbox 498 399 564 458; x_wconf 87' lang='lat' dir='ltr'><strong>AB</strong></span> <span class='ocrx_word' id='word_1_20' title='bbox 587 394 714 458; x_wconf 88' lang='lat' dir='ltr'><strong>numeri</strong></span> <span class='ocrx_word' id='word_1_21' title='bbox 736 396 773 460; x_wconf 94' lang='grc' dir='ltr'><strong>Γ.</strong></span> 
     </span>
    </p>
   </div>
   <div class='ocr_carea' id='block_1_3' title="bbox 72 502 1097 2072">
    <p class='ocr_par' dir='ltr' id='par_1_3' title="bbox 72 502 1095 799">
     <span class='ocr_line' id='line_1_4' title="bbox 144 502 1093 587; baseline -0.002 -20"><span class='ocrx_word' id='word_1_22' title='bbox 144 524 223 567; x_wconf 83' lang='lat' dir='ltr'><strong>nam</strong></span> <span class='ocrx_word' id='word_1_23' title='bbox 259 503 413 587; x_wconf 84' lang='lat' dir='ltr'><strong>quoniam</strong></span> <span class='ocrx_word' id='word_1_24' title='bbox 451 523 533 586; x_wconf 83' lang='lat' dir='ltr'><strong>quae</strong></span> <span class='ocrx_word' id='word_1_25' title='bbox 570 503 678 584; x_wconf 75' lang='lat' dir='ltr'><strong>paries</strong></span> <span class='ocrx_word' id='word_1_26' title='bbox 717 503 767 564; x_wconf 81' lang='lat' dir='ltr'><strong>est</strong></span> <span class='ocrx_word' id='word_1_27' title='bbox 798 505 863 564; x_wconf 87' lang='lat' dir='ltr'><strong>AB</strong></span> <span class='ocrx_word' id='word_1_28' title='bbox 895 502 1023 565; x_wconf 88' lang='lat' dir='ltr'><strong>numeri</strong></span> <span class='ocrx_word' id='word_1_29' title='bbox 1055 504 1093 582; x_wconf 89' lang='grc' dir='ltr'><strong>Γ,</strong></span> 
     </span>
     <span class='ocr_line' id='line_1_5' title="bbox 75 607 1093 691; baseline -0.003 -17"><span class='ocrx_word' id='word_1_30' title='bbox 75 610 211 675; x_wconf 80' lang='lat' dir='ltr'>eaedem</span> <span class='ocrx_word' id='word_1_31' title='bbox 235 613 286 674; x_wconf 72' lang='lat' dir='ltr'><strong>esi</strong></span> <span class='ocrx_word' id='word_1_32' title='bbox 308 614 378 673; x_wconf 86' lang='grc' dir='ltr'><strong>ΔΕ</strong></span> <span class='ocrx_word' id='word_1_33' title='bbox 398 608 525 673; x_wconf 88' lang='lat' dir='ltr'><strong>numeri</strong></span> <span class='ocrx_word' id='word_1_34' title='bbox 549 612 592 689; x_wconf 89' lang='lat' dir='ltr'><strong>Z,</strong></span> <span class='ocrx_word' id='word_1_35' title='bbox 621 610 700 690; x_wconf 78' lang='lat' dir='ltr'><strong>quot</strong></span> <span class='ocrx_word' id='word_1_36' title='bbox 728 609 804 671; x_wconf 69' lang='lat' dir='ltr'><strong>suni</strong></span> <span class='ocrx_word' id='word_1_37' title='bbox 831 607 866 670; x_wconf 88' lang='lat' dir='ltr'><strong>in</strong></span> <span class='ocrx_word' id='word_1_38' title='bbox 889 612 955 671; x_wconf 90' lang='lat' dir='ltr'><strong>AB</strong></span> <span class='ocrx_word' id='word_1_39' title='bbox 984 611 1093 691; x_wconf 79' lang='lat' dir='ltr'>partes</span> 
     </span>
     <span class='ocr_line' id='line_1_6' title="bbox 72 713 1095 799; baseline -0.002 -19"><span class='ocrx_word' id='word_1_40' title='bbox 72 716 206 780; x_wconf 86' lang='lat' dir='ltr'><strong>numeri</strong></span> <span class='ocrx_word' id='word_1_41' title='bbox 234 718 275 799; x_wconf 91' lang='grc' dir='ltr'><strong>Γ,</strong></span> <span class='ocrx_word' id='word_1_42' title='bbox 302 716 438 781; x_wconf 68' lang='lat' dir='ltr'><strong>totidem</strong></span> <span class='ocrx_word' id='word_1_43' title='bbox 462 716 561 779; x_wconf 79' lang='lat' dir='ltr'><strong>etium</strong></span> <span class='ocrx_word' id='word_1_44' title='bbox 589 715 624 779; x_wconf 91' lang='lat' dir='ltr'><strong>in</strong></span> <span class='ocrx_word' id='word_1_45' title='bbox 648 717 718 777; x_wconf 83' lang='grc' dir='ltr'><strong>ΛΕ</strong></span> <span class='ocrx_word' id='word_1_46' title='bbox 740 719 815 778; x_wconf 79' lang='lat' dir='ltr'><strong>sunt</strong></span> <span class='ocrx_word' id='word_1_47' title='bbox 837 717 946 797; x_wconf 77' lang='lat' dir='ltr'><strong>partes</strong></span> <span class='ocrx_word' id='word_1_48' title='bbox 968 713 1095 778; x_wconf 87' lang='lat' dir='ltr'><strong>numeri</strong></span> 
     </span>
    </p>

    <p class='ocr_par' dir='ltr' id='par_1_4' title="bbox 365 821 1094 903">
     <span class='ocr_line' id='line_1_7' title="bbox 365 821 1094 903; baseline -0.003 -18"><span class='ocrx_word' id='word_1_49' title='bbox 365 877 370 885; x_wconf 94' lang='lat'><strong>.</strong></span> <span class='ocrx_word' id='word_1_50' title='bbox 401 827 438 886; x_wconf 91' lang='lat' dir='ltr'><strong>Z.</strong></span> <span class='ocrx_word' id='word_1_51' title='bbox 485 822 648 886; x_wconf 84' lang='lat' dir='ltr'><strong>diuidutur</strong></span> <span class='ocrx_word' id='word_1_52' title='bbox 666 825 731 884; x_wconf 87' lang='lat' dir='ltr'><strong>AB</strong></span> <span class='ocrx_word' id='word_1_53' title='bbox 746 821 780 884; x_wconf 91' lang='lat' dir='ltr'><strong>in</strong></span> <span class='ocrx_word' id='word_1_54' title='bbox 798 824 879 902; x_wconf 92' lang='grc' dir='ltr'><strong>ΑΗ,</strong></span> <span class='ocrx_word' id='word_1_55' title='bbox 896 821 966 883; x_wconf 89' lang='grc' dir='ltr'><strong>ΗΒ</strong></span> <span class='ocrx_word' id='word_1_56' title='bbox 984 824 1094 903; x_wconf 78' lang='lat' dir='ltr'>partes</span> 
     </span>
    </p>

    <p class='ocr_par' dir='ltr' id='par_1_5' title="bbox 299 926 1096 1011">
     <span class='ocr_line' id='line_1_8' title="bbox 299 926 1096 1011; baseline -0.004 -19"><span class='ocrx_word' id='word_1_57' title='bbox 299 999 317 1007; x_wconf 56' lang='grc'><strong>-</strong></span> <span class='ocrx_word' id='word_1_58' title='bbox 400 929 527 992; x_wconf 86' lang='lat' dir='ltr'><strong>numeri</strong></span> <span class='ocrx_word' id='word_1_59' title='bbox 555 931 596 1011; x_wconf 92' lang='grc' dir='ltr'><strong>Γ,</strong></span> <span class='ocrx_word' id='word_1_60' title='bbox 620 932 691 991; x_wconf 86' lang='grc' dir='ltr'><strong>ΛΕ</strong></span> <span class='ocrx_word' id='word_1_61' title='bbox 721 929 830 991; x_wconf 77' lang='lat' dir='ltr'><strong>autem</strong></span> <span class='ocrx_word' id='word_1_62' title='bbox 862 926 896 990; x_wconf 89' lang='lat' dir='ltr'><strong>in</strong></span> <span class='ocrx_word' id='word_1_63' title='bbox 926 929 1006 1003; x_wconf 84' lang='grc' dir='ltr'><strong>ΔΘ,</strong></span> <span class='ocrx_word' id='word_1_64' title='bbox 1031 928 1096 989; x_wconf 83' lang='grc' dir='ltr'><strong>ΘΕ</strong></span> 
     </span>
    </p>

    <p class='ocr_par' dir='ltr' id='par_1_6' title="bbox 76 1001 1095 1438">
     <span class='ocr_line' id='line_1_9' title="bbox 77 1001 1094 1173; baseline -0.006 -72"><span class='ocrx_word' id='word_1_65' title='bbox 77 1001 121 1173; x_wconf 53' lang='grc' dir='ltr'>Γ</span> <span class='ocrx_word' id='word_1_66' title='bbox 227 1072 272 1120; x_wconf 73' lang='lat' dir='ltr'><strong>-A</strong></span> <span class='ocrx_word' id='word_1_67' title='bbox 399 1038 509 1118; x_wconf 76' lang='lat' dir='ltr'>partes</span> <span class='ocrx_word' id='word_1_68' title='bbox 539 1035 667 1099; x_wconf 87' lang='lat' dir='ltr'><strong>numeri</strong></span> <span class='ocrx_word' id='word_1_69' title='bbox 695 1037 730 1096; x_wconf 90' lang='lat' dir='ltr'><strong>Z.</strong></span> <span class='ocrx_word' id='word_1_70' title='bbox 780 1033 891 1117; x_wconf 74' lang='lat' dir='ltr'><strong>iiaque</strong></span> <span class='ocrx_word' id='word_1_71' title='bbox 918 1031 1094 1096; x_wconf 73' lang='lat' dir='ltr'><strong>multitudo</strong></span> 
     </span>
     <span class='ocr_line' id='line_1_10' title="bbox 76 1103 1095 1236; baseline 0.001 -36"><span class='ocrx_word' id='word_1_72' title='bbox 76 1150 130 1200; x_wconf 89' lang='grc' dir='ltr'><strong>-Η</strong></span> <span class='ocrx_word' id='word_1_73' title='bbox 228 1103 272 1236; x_wconf 54' lang='lat' dir='ltr'><strong>i&amp;</strong></span> <span class='ocrx_word' id='word_1_74' title='bbox 319 1133 340 1183; x_wconf 75' lang='grc' dir='ltr'>Ζ</span> <span class='ocrx_word' id='word_1_75' title='bbox 399 1162 608 1206; x_wconf 85' lang='lat' dir='ltr'><strong>numerorum</strong></span> <span class='ocrx_word' id='word_1_76' title='bbox 654 1139 763 1222; x_wconf 82' lang='lat' dir='ltr'><strong>AH‚·</strong></span> <span class='ocrx_word' id='word_1_77' title='bbox 779 1142 849 1203; x_wconf 90' lang='grc' dir='ltr'><strong>ΗΒ</strong></span> <span class='ocrx_word' id='word_1_78' title='bbox 895 1133 1095 1203; x_wconf 76' lang='lat' dir='ltr'><strong>multitudini</strong></span> 
     </span>
     <span class='ocr_line' id='line_1_11' title="bbox 77 1186 1095 1350; baseline -0.006 -36"><span class='ocrx_word' id='word_1_79' title='bbox 77 1186 121 1350; x_wconf 66' lang='lat' dir='ltr'><strong>¹-ss</strong></span> <span class='ocrx_word' id='word_1_80' title='bbox 160 1208 164 1321; x_wconf 76' lang='lat' dir='ltr'><strong>i</strong></span> <span class='ocrx_word' id='word_1_81' title='bbox 227 1217 271 1350; x_wconf 52' lang='grc' dir='ltr'>Ἐ</span> <span class='ocrx_word' id='word_1_82' title='bbox 299 1325 317 1332; x_wconf 55' lang='grc'>-</span> <span class='ocrx_word' id='word_1_83' title='bbox 398 1269 608 1313; x_wconf 87' lang='lat' dir='ltr'><strong>numerorum</strong></span> <span class='ocrx_word' id='word_1_84' title='bbox 641 1252 723 1330; x_wconf 81' lang='grc' dir='ltr'><strong>ΔΘ,</strong></span> <span class='ocrx_word' id='word_1_85' title='bbox 747 1250 813 1311; x_wconf 80' lang='grc' dir='ltr'><strong>ΘΕ</strong></span> <span class='ocrx_word' id='word_1_86' title='bbox 843 1245 987 1330; x_wconf 81' lang='lat' dir='ltr'><strong>aequalis</strong></span> <span class='ocrx_word' id='word_1_87' title='bbox 1024 1244 1095 1309; x_wconf 72' lang='lat' dir='ltr'><strong>erii.</strong></span> 
     </span>
     <span class='ocr_line' id='line_1_12' title="bbox 398 1354 1095 1438; baseline -0.003 -21"><span class='ocrx_word' id='word_1_88' title='bbox 398 1357 431 1418; x_wconf 82' lang='lat' dir='ltr'><strong>et</strong></span> <span class='ocrx_word' id='word_1_89' title='bbox 463 1354 617 1438; x_wconf 83' lang='lat' dir='ltr'><strong>quoniam</strong></span> <span class='ocrx_word' id='word_1_90' title='bbox 645 1374 727 1438; x_wconf 83' lang='lat' dir='ltr'><strong>quae</strong></span> <span class='ocrx_word' id='word_1_91' title='bbox 759 1375 835 1436; x_wconf 85' lang='lat' dir='ltr'>pars</span> <span class='ocrx_word' id='word_1_92' title='bbox 865 1355 915 1417; x_wconf 71' lang='lat' dir='ltr'><strong>esi</strong></span> <span class='ocrx_word' id='word_1_93' title='bbox 937 1354 1014 1417; x_wconf 90' lang='grc' dir='ltr'><strong>ΑΗ</strong></span> <span class='ocrx_word' id='word_1_94' title='bbox 1035 1373 1095 1415; x_wconf 91' lang='lat' dir='ltr'><strong>nu-</strong></span> 
     </span>
    </p>

    <p class='ocr_par' dir='ltr' id='par_1_7' title="bbox 76 1459 1097 2072">
     <span class='ocr_line' id='line_1_13' title="bbox 78 1459 1096 1544; baseline -0.003 -21"><span class='ocrx_word' id='word_1_95' title='bbox 78 1460 159 1523; x_wconf 85' lang='lat' dir='ltr'><strong>meri</strong></span> <span class='ocrx_word' id='word_1_96' title='bbox 184 1463 226 1544; x_wconf 88' lang='grc' dir='ltr'><strong>Γ,</strong></span> <span class='ocrx_word' id='word_1_97' title='bbox 250 1460 362 1525; x_wconf 84' lang='lat' dir='ltr'>eadem</span> <span class='ocrx_word' id='word_1_98' title='bbox 386 1465 436 1525; x_wconf 77' lang='lat' dir='ltr'><strong>est</strong></span> <span class='ocrx_word' id='word_1_99' title='bbox 459 1461 558 1525; x_wconf 80' lang='lat' dir='ltr'><strong>etiam</strong></span> <span class='ocrx_word' id='word_1_100' title='bbox 582 1464 650 1524; x_wconf 82' lang='grc' dir='ltr'><strong>ΛΘ</strong></span> <span class='ocrx_word' id='word_1_101' title='bbox 671 1461 798 1525; x_wconf 86' lang='lat' dir='ltr'><strong>numeri</strong></span> <span class='ocrx_word' id='word_1_102' title='bbox 821 1463 859 1543; x_wconf 83' lang='lat' dir='ltr'><strong>Z,</strong></span> <span class='ocrx_word' id='word_1_103' title='bbox 883 1462 961 1525; x_wconf 90' lang='grc' dir='ltr'><strong>ΑΗ</strong></span> <span class='ocrx_word' id='word_1_104' title='bbox 971 1459 1011 1540; x_wconf 81' lang='grc' dir='ltr'><strong>-Ι-</strong></span> <span class='ocrx_word' id='word_1_105' title='bbox 1028 1459 1096 1521; x_wconf 82' lang='grc' dir='ltr'><strong>ΔΘ</strong></span> 
     </span>
     <span class='ocr_line' id='line_1_14' title="bbox 80 1565 1096 1650; baseline -0.002 -22"><span class='ocrx_word' id='word_1_106' title='bbox 80 1565 193 1630; x_wconf 85' lang='lat' dir='ltr'>eadem</span> <span class='ocrx_word' id='word_1_107' title='bbox 226 1588 301 1650; x_wconf 85' lang='lat' dir='ltr'>pars</span> <span class='ocrx_word' id='word_1_108' title='bbox 334 1566 397 1631; x_wconf 81' lang='lat' dir='ltr'><strong>erit</strong></span> <span class='ocrx_word' id='word_1_109' title='bbox 424 1587 635 1630; x_wconf 86' lang='lat' dir='ltr'><strong>numerorum</strong></span> <span class='ocrx_word' id='word_1_110' title='bbox 663 1570 695 1631; x_wconf 91' lang='grc' dir='ltr'><strong><em>Γ</em></strong></span> <span class='ocrx_word' id='word_1_111' title='bbox 711 1568 750 1647; x_wconf 76' lang='grc' dir='ltr'><strong>-Ι-</strong></span> <span class='ocrx_word' id='word_1_112' title='bbox 773 1570 814 1648; x_wconf 92' lang='grc' dir='ltr'><strong>Ζ,</strong></span> <span class='ocrx_word' id='word_1_113' title='bbox 837 1584 919 1648; x_wconf 80' lang='lat' dir='ltr'><strong>quae</strong></span> <span class='ocrx_word' id='word_1_114' title='bbox 942 1567 1019 1627; x_wconf 87' lang='lat' dir='ltr'><strong>AH</strong></span> <span class='ocrx_word' id='word_1_115' title='bbox 1035 1586 1096 1627; x_wconf 91' lang='lat' dir='ltr'><strong>nu-</strong></span> 
     </span>
     <span class='ocr_line' id='line_1_15' title="bbox 78 1670 1095 1754; baseline -0.002 -21"><span class='ocrx_word' id='word_1_116' title='bbox 78 1670 161 1734; x_wconf 86' lang='lat' dir='ltr'><strong>meri</strong></span> <span class='ocrx_word' id='word_1_117' title='bbox 195 1673 227 1734; x_wconf 91' lang='grc' dir='ltr'>Γ</span> <span class='ocrx_word' id='word_1_118' title='bbox 260 1673 371 1754; x_wconf 85' lang='lat' dir='ltr'><strong>[prop.</strong></span> <span class='ocrx_word' id='word_1_119' title='bbox 404 1670 465 1752; x_wconf 93' lang='lat' dir='ltr'><strong>V].</strong></span> <span class='ocrx_word' id='word_1_120' title='bbox 521 1671 631 1735; x_wconf 82' lang='lat' dir='ltr'>eadem</span> <span class='ocrx_word' id='word_1_121' title='bbox 668 1671 707 1735; x_wconf 85' lang='lat' dir='ltr'><strong>de</strong></span> <span class='ocrx_word' id='word_1_122' title='bbox 740 1693 839 1735; x_wconf 76' lang='lat' dir='ltr'><strong>eausa</strong></span> <span class='ocrx_word' id='word_1_123' title='bbox 870 1670 971 1734; x_wconf 82' lang='lat' dir='ltr'><strong>etiam</strong></span> <span class='ocrx_word' id='word_1_124' title='bbox 1013 1690 1095 1751; x_wconf 84' lang='lat' dir='ltr'><strong>quae</strong></span> 
     </span>
     <span class='ocr_line' id='line_1_16' title="bbox 76 1775 1097 1860; baseline -0.003 -19"><span class='ocrx_word' id='word_1_125' title='bbox 76 1798 155 1860; x_wconf 80' lang='lat' dir='ltr'><strong>pars</strong></span> <span class='ocrx_word' id='word_1_126' title='bbox 180 1780 231 1840; x_wconf 83' lang='lat' dir='ltr'><strong>est</strong></span> <span class='ocrx_word' id='word_1_127' title='bbox 254 1779 324 1840; x_wconf 89' lang='grc' dir='ltr'><strong>ΗΒ</strong></span> <span class='ocrx_word' id='word_1_128' title='bbox 351 1778 478 1842; x_wconf 86' lang='lat' dir='ltr'><strong>numeri</strong></span> <span class='ocrx_word' id='word_1_129' title='bbox 502 1780 541 1860; x_wconf 91' lang='grc' dir='ltr'><strong>Γ,</strong></span> <span class='ocrx_word' id='word_1_130' title='bbox 565 1777 677 1841; x_wconf 83' lang='lat' dir='ltr'>eadem</span> <span class='ocrx_word' id='word_1_131' title='bbox 704 1798 780 1859; x_wconf 84' lang='lat' dir='ltr'>pars</span> <span class='ocrx_word' id='word_1_132' title='bbox 811 1778 860 1839; x_wconf 74' lang='lat' dir='ltr'><strong>esi</strong></span> <span class='ocrx_word' id='word_1_133' title='bbox 883 1778 951 1838; x_wconf 90' lang='grc' dir='ltr'><strong>ΗΒ</strong></span> <span class='ocrx_word' id='word_1_134' title='bbox 972 1775 1012 1856; x_wconf 79' lang='grc' dir='ltr'><strong>-Ι-</strong></span> <span class='ocrx_word' id='word_1_135' title='bbox 1032 1777 1097 1839; x_wconf 81' lang='grc' dir='ltr'><strong>ΘΕ</strong></span> 
     </span>
     <span class='ocr_line' id='line_1_17' title="bbox 77 1881 1097 1968; baseline -0.002 -22"><span class='ocrx_word' id='word_1_136' title='bbox 77 1903 289 1947; x_wconf 84' lang='lat' dir='ltr'><strong>numerorum</strong></span> <span class='ocrx_word' id='word_1_137' title='bbox 308 1887 340 1948; x_wconf 95' lang='grc' dir='ltr'>Γ</span> <span class='ocrx_word' id='word_1_138' title='bbox 351 1885 391 1966; x_wconf 79' lang='grc' dir='ltr'><strong>-Ι-</strong></span> <span class='ocrx_word' id='word_1_139' title='bbox 409 1889 444 1948; x_wconf 91' lang='lat' dir='ltr'><strong>Z.</strong></span> <span class='ocrx_word' id='word_1_140' title='bbox 490 1904 568 1968; x_wconf 84' lang='lat' dir='ltr'>ergo</span> <span class='ocrx_word' id='word_1_141' title='bbox 587 1904 669 1967; x_wconf 85' lang='lat' dir='ltr'><strong>quae</strong></span> <span class='ocrx_word' id='word_1_142' title='bbox 687 1886 797 1966; x_wconf 77' lang='lat' dir='ltr'>partes</span> <span class='ocrx_word' id='word_1_143' title='bbox 817 1884 866 1947; x_wconf 79' lang='lat' dir='ltr'><strong>est</strong></span> <span class='ocrx_word' id='word_1_144' title='bbox 887 1885 952 1945; x_wconf 88' lang='lat' dir='ltr'><strong>AB</strong></span> <span class='ocrx_word' id='word_1_145' title='bbox 969 1881 1097 1945; x_wconf 84' lang='lat' dir='ltr'><strong>numeri</strong></span> 
     </span>
     <span class='ocr_line' id='line_1_18' title="bbox 79 1988 1096 2072; baseline -0.002 -20"><span class='ocrx_word' id='word_1_146' title='bbox 79 1991 117 2072; x_wconf 91' lang='grc' dir='ltr'><strong>Γ,</strong></span> <span class='ocrx_word' id='word_1_147' title='bbox 139 1989 270 2053; x_wconf 84' lang='lat' dir='ltr'>eaedem</span> <span class='ocrx_word' id='word_1_148' title='bbox 290 1994 399 2072; x_wconf 79' lang='lat' dir='ltr'><strong>partes</strong></span> <span class='ocrx_word' id='word_1_149' title='bbox 415 1995 491 2055; x_wconf 73' lang='lat' dir='ltr'><strong>suni</strong></span> <span class='ocrx_word' id='word_1_150' title='bbox 510 1994 574 2054; x_wconf 90' lang='lat' dir='ltr'><strong>AB</strong></span> <span class='ocrx_word' id='word_1_151' title='bbox 591 1993 631 2070; x_wconf 85' lang='grc' dir='ltr'><strong>-Ι-</strong></span> <span class='ocrx_word' id='word_1_152' title='bbox 647 1993 717 2055; x_wconf 82' lang='grc' dir='ltr'><strong>ΔΕ</strong></span> <span class='ocrx_word' id='word_1_153' title='bbox 732 2010 941 2054; x_wconf 85' lang='lat' dir='ltr'><strong>numerorum</strong></span> <span class='ocrx_word' id='word_1_154' title='bbox 956 1990 988 2051; x_wconf 91' lang='grc' dir='ltr'>Γ</span> <span class='ocrx_word' id='word_1_155' title='bbox 999 1988 1039 2067; x_wconf 86' lang='grc' dir='ltr'><strong>·Ι-</strong></span> <span class='ocrx_word' id='word_1_156' title='bbox 1056 1991 1096 2071; x_wconf 73' lang='grc' dir='ltr'><strong>Ζς</strong></span> 
     </span>
    </p>
   </div>
   <div class='ocr_carea' id='block_1_4' title="bbox 79 2094 580 2178">
    <p class='ocr_par' dir='ltr' id='par_1_8' title="bbox 79 2094 580 2178">
     <span class='ocr_line' id='line_1_19' title="bbox 79 2094 580 2178; baseline 0.002 -19"><span class='ocrx_word' id='word_1_157' title='bbox 79 2094 167 2178; x_wconf 86' lang='lat' dir='ltr'><strong>quod</strong></span> <span class='ocrx_word' id='word_1_158' title='bbox 192 2096 262 2158; x_wconf 76' lang='lat' dir='ltr'><strong>erat</strong></span> <span class='ocrx_word' id='word_1_159' title='bbox 285 2094 580 2160; x_wconf 68' lang='lat' dir='ltr'><strong>demonstrandum.</strong></span> 
     </span>
    </p>
   </div>
   <div class='ocr_carea' id='block_1_5' title="bbox 552 2289 624 2353">
    <p class='ocr_par' dir='ltr' id='par_1_9' title="bbox 552 2289 624 2353">
     <span class='ocr_line' id='line_1_20' title="bbox 552 2289 624 2353; baseline -0.014 0"><span class='ocrx_word' id='word_1_160' title='bbox 552 2289 624 2353; x_wconf 89' lang='lat' dir='ltr'><strong>VH.</strong></span> 
     </span>
    </p>
   </div>
   <div class='ocr_carea' id='block_1_6' title="bbox 80 2411 1098 2922">
    <p class='ocr_par' dir='ltr' id='par_1_10' title="bbox 81 2411 1097 2708">
     <span class='ocr_line' id='line_1_21' title="bbox 149 2411 1096 2498; baseline 0 -21"><span class='ocrx_word' id='word_1_161' title='bbox 149 2411 184 2477; x_wconf 83' lang='lat' dir='ltr'><strong>Si</strong></span> <span class='ocrx_word' id='word_1_162' title='bbox 206 2435 360 2478; x_wconf 82' lang='lat' dir='ltr'><strong>numerus</strong></span> <span class='ocrx_word' id='word_1_163' title='bbox 383 2414 510 2477; x_wconf 87' lang='lat' dir='ltr'><strong>numeri</strong></span> <span class='ocrx_word' id='word_1_164' title='bbox 532 2412 644 2476; x_wconf 85' lang='lat' dir='ltr'>eadem</span> <span class='ocrx_word' id='word_1_165' title='bbox 668 2435 744 2496; x_wconf 84' lang='lat' dir='ltr'><strong>pars</strong></span> <span class='ocrx_word' id='word_1_166' title='bbox 769 2416 830 2497; x_wconf 74' lang='lat' dir='ltr'><strong>esi,</strong></span> <span class='ocrx_word' id='word_1_167' title='bbox 862 2434 942 2498; x_wconf 83' lang='lat' dir='ltr'><strong>quae</strong></span> <span class='ocrx_word' id='word_1_168' title='bbox 967 2414 1096 2478; x_wconf 77' lang='lat' dir='ltr'><strong>ablatus</strong></span> 
     </span>
     <span class='ocr_line' id='line_1_22' title="bbox 81 2508 1097 2603; baseline -0.001 -20"><span class='ocrx_word' id='word_1_169' title='bbox 81 2508 238 2584; x_wconf 86' lang='lat' dir='ltr'><strong>numerus</strong></span> <span class='ocrx_word' id='word_1_170' title='bbox 271 2519 386 2602; x_wconf 81' lang='lat' dir='ltr'><strong>ablati,</strong></span> <span class='ocrx_word' id='word_1_171' title='bbox 419 2520 519 2583; x_wconf 71' lang='lat' dir='ltr'><strong>eiiam</strong></span> <span class='ocrx_word' id='word_1_172' title='bbox 550 2519 695 2603; x_wconf 82' lang='lat' dir='ltr'><strong>reliquus</strong></span> <span class='ocrx_word' id='word_1_173' title='bbox 727 2518 844 2602; x_wconf 86' lang='lat' dir='ltr'><strong>reliqui</strong></span> <span class='ocrx_word' id='word_1_174' title='bbox 877 2519 987 2583; x_wconf 84' lang='lat' dir='ltr'>eadem</span> <span class='ocrx_word' id='word_1_175' title='bbox 1020 2541 1097 2601; x_wconf 82' lang='lat' dir='ltr'>pars</span> 
     </span>
     <span class='ocr_line' id='line_1_23' title="bbox 82 2626 514 2708; baseline -0.005 -18"><span class='ocrx_word' id='word_1_176' title='bbox 82 2627 161 2708; x_wconf 83' lang='lat' dir='ltr'><strong>erit,</strong></span> <span class='ocrx_word' id='word_1_177' title='bbox 186 2646 266 2708; x_wconf 83' lang='lat' dir='ltr'><strong>quae</strong></span> <span class='ocrx_word' id='word_1_178' title='bbox 290 2627 381 2689; x_wconf 76' lang='lat' dir='ltr'><strong>totus</strong></span> <span class='ocrx_word' id='word_1_179' title='bbox 404 2626 514 2690; x_wconf 71' lang='lat' dir='ltr'><strong>totiuu</strong></span> 
     </span>
    </p>

    <p class='ocr_par' dir='ltr' id='par_1_11' title="bbox 80 2730 1098 2922">
     <span class='ocr_line' id='line_1_24' title="bbox 148 2730 1098 2815; baseline -0.001 -19"><span class='ocrx_word' id='word_1_180' title='bbox 148 2730 237 2796; x_wconf 85' lang='lat' dir='ltr'><strong>Nam</strong></span> <span class='ocrx_word' id='word_1_181' title='bbox 263 2752 417 2795; x_wconf 88' lang='lat' dir='ltr'><strong>numerus</strong></span> <span class='ocrx_word' id='word_1_182' title='bbox 442 2735 509 2795; x_wconf 88' lang='lat' dir='ltr'><strong>AB</strong></span> <span class='ocrx_word' id='word_1_183' title='bbox 540 2733 667 2795; x_wconf 82' lang='lat' dir='ltr'><strong>numeri</strong></span> <span class='ocrx_word' id='word_1_184' title='bbox 699 2734 762 2795; x_wconf 91' lang='grc' dir='ltr'><strong>ΓΔ</strong></span> <span class='ocrx_word' id='word_1_185' title='bbox 794 2731 905 2795; x_wconf 84' lang='lat' dir='ltr'>eadem</span> <span class='ocrx_word' id='word_1_186' title='bbox 937 2730 981 2794; x_wconf 80' lang='lat' dir='ltr'><strong>sit</strong></span> <span class='ocrx_word' id='word_1_187' title='bbox 1011 2752 1098 2815; x_wconf 84' lang='lat' dir='ltr'><strong>pars,</strong></span> 
     </span>
     <span class='ocr_line' id='line_1_25' title="bbox 80 2837 1098 2922; baseline 0.001 -21"><span class='ocrx_word' id='word_1_188' title='bbox 80 2859 165 2921; x_wconf 85' lang='lat' dir='ltr'><strong>quae</strong></span> <span class='ocrx_word' id='word_1_189' title='bbox 200 2837 328 2902; x_wconf 78' lang='lat' dir='ltr'><strong>ablatus</strong></span> <span class='ocrx_word' id='word_1_190' title='bbox 359 2858 512 2901; x_wconf 85' lang='lat' dir='ltr'><strong>numerus</strong></span> <span class='ocrx_word' id='word_1_191' title='bbox 539 2841 609 2900; x_wconf 88' lang='grc' dir='ltr'><strong>ΑΕ</strong></span> <span class='ocrx_word' id='word_1_192' title='bbox 634 2837 737 2901; x_wconf 79' lang='lat' dir='ltr'><strong>ablati</strong></span> <span class='ocrx_word' id='word_1_193' title='bbox 764 2840 834 2902; x_wconf 91' lang='grc' dir='ltr'><strong>ΓΖ.</strong></span> <span class='ocrx_word' id='word_1_194' title='bbox 884 2837 969 2922; x_wconf 83' lang='lat' dir='ltr'><strong>diuo,</strong></span> <span class='ocrx_word' id='word_1_195' title='bbox 999 2838 1098 2903; x_wconf 76' lang='lat' dir='ltr'><strong>eiiam</strong></span> 
     </span>
    </p>
   </div>
   <div class='ocr_carea' id='block_1_7' title="bbox 81 2943 1098 3120">
    <p class='ocr_par' dir='ltr' id='par_1_12' title="bbox 81 2943 1098 3120">
     <span class='ocr_line' id='line_1_26' title="bbox 81 2943 1098 3028; baseline 0.001 -21"><span class='ocrx_word' id='word_1_196' title='bbox 81 2943 246 3025; x_wconf 81' lang='lat' dir='ltr'><strong>reliquum</strong></span> <span class='ocrx_word' id='word_1_197' title='bbox 269 2947 332 3006; x_wconf 86' lang='grc' dir='ltr'><strong>ΕΒ</strong></span> <span class='ocrx_word' id='word_1_198' title='bbox 356 2943 472 3027; x_wconf 85' lang='lat' dir='ltr'><strong>reliqui</strong></span> <span class='ocrx_word' id='word_1_199' title='bbox 497 2947 564 3006; x_wconf 87' lang='grc' dir='ltr'><strong>ΖΛ</strong></span> <span class='ocrx_word' id='word_1_200' title='bbox 588 2944 722 3007; x_wconf 84' lang='lat' dir='ltr'>eandem</span> <span class='ocrx_word' id='word_1_201' title='bbox 750 2964 820 3008; x_wconf 81' lang='lat' dir='ltr'>esse</span> <span class='ocrx_word' id='word_1_202' title='bbox 847 2947 988 3028; x_wconf 77' lang='lat' dir='ltr'><strong>parbem,</strong></span> <span class='ocrx_word' id='word_1_203' title='bbox 1016 2965 1098 3028; x_wconf 81' lang='lat' dir='ltr'><strong>quae</strong></span> 
     </span>
     <span class='ocr_line' id='line_1_27' title="bbox 81 3048 647 3120; baseline -0.004 -8"><span class='ocrx_word' id='word_1_204' title='bbox 81 3051 173 3112; x_wconf 77' lang='lat' dir='ltr'><strong>totus</strong></span> <span class='ocrx_word' id='word_1_205' title='bbox 198 3052 265 3112; x_wconf 87' lang='lat' dir='ltr'><strong>AB</strong></span> <span class='ocrx_word' id='word_1_206' title='bbox 288 3049 332 3111; x_wconf 74' lang='lat' dir='ltr'><strong>sit</strong></span> <span class='ocrx_word' id='word_1_207' title='bbox 354 3048 454 3112; x_wconf 70' lang='lat' dir='ltr'><strong>totius</strong></span> <span class='ocrx_word' id='word_1_208' title='bbox 480 3051 550 3111; x_wconf 86' lang='grc' dir='ltr'><strong>ΓΔ.</strong></span> <span class='ocrx_word' id='word_1_209' title='bbox 643 3114 647 3120; x_wconf 63' lang='grc'>,</span> 
     </span>
    </p>
   </div>
   <div class='ocr_carea' id='block_1_8' title="bbox 84 3257 1108 3543">
    <p class='ocr_par' dir='ltr' id='par_1_13' title="bbox 84 3257 1108 3543">
     <span class='ocr_line' id='line_1_28' title="bbox 84 3257 1099 3328; baseline 0.002 -17"><span class='ocrx_word' id='word_1_210' title='bbox 84 3275 139 3327; x_wconf 91' lang='lat' dir='ltr'><strong>quo</strong></span> <span class='ocrx_word' id='word_1_211' title='bbox 159 3259 231 3311; x_wconf 79' lang='lat' dir='ltr'>haec</span> <span class='ocrx_word' id='word_1_212' title='bbox 249 3273 327 3326; x_wconf 86' lang='lat' dir='ltr'>prop.</span> <span class='ocrx_word' id='word_1_213' title='bbox 348 3274 373 3312; x_wconf 82' lang='lat' dir='ltr'><strong>a.</strong></span> <span class='ocrx_word' id='word_1_214' title='bbox 392 3274 429 3312; x_wconf 89' lang='lat' dir='ltr'><strong>m.</strong></span> <span class='ocrx_word' id='word_1_215' title='bbox 450 3264 464 3312; x_wconf 93' lang='lat'>1</span> <span class='ocrx_word' id='word_1_216' title='bbox 485 3258 545 3313; x_wconf 85' lang='lat' dir='ltr'>solo</span> <span class='ocrx_word' id='word_1_217' title='bbox 564 3257 644 3327; x_wconf 79' lang='lat' dir='ltr'><strong>signo</strong></span> <span class='ocrx_word' id='word_1_218' title='bbox 659 3280 665 3312; x_wconf 90' lang='lat'><strong>:</strong></span> <span class='ocrx_word' id='word_1_219' title='bbox 681 3281 716 3306; x_wconf 72' lang='grc' dir='ltr'><strong><em>ω</em></strong></span> <span class='ocrx_word' id='word_1_220' title='bbox 730 3275 748 3312; x_wconf 79' lang='lat' dir='ltr'>a</span> <span class='ocrx_word' id='word_1_221' title='bbox 765 3257 859 3327; x_wconf 83' lang='lat' dir='ltr'><strong>priore</strong></span> <span class='ocrx_word' id='word_1_222' title='bbox 873 3259 1013 3328; x_wconf 75' lang='lat' dir='ltr'><strong>dirempbu</strong></span> <span class='ocrx_word' id='word_1_223' title='bbox 1027 3260 1099 3325; x_wconf 77' lang='lat' dir='ltr'><strong>erut3</strong></span> 
     </span>
     <span class='ocr_line' id='line_1_29' title="bbox 85 3324 1090 3401; baseline 0.001 -20"><span class='ocrx_word' id='word_1_224' title='bbox 85 3344 154 3382; x_wconf 83' lang='lat' dir='ltr'><strong>corr.</strong></span> <span class='ocrx_word' id='word_1_225' title='bbox 174 3347 213 3382; x_wconf 88' lang='lat' dir='ltr'><strong>m.</strong></span> <span class='ocrx_word' id='word_1_226' title='bbox 232 3334 256 3384; x_wconf 81' lang='lat'><strong>2.</strong></span> <span class='ocrx_word' id='word_1_227' title='bbox 340 3335 382 3384; x_wconf 78' lang='lat'><strong>20.</strong></span> <span class='ocrx_word' id='word_1_228' title='bbox 402 3324 435 3399; x_wconf 85' lang='grc' dir='ltr'><strong>ὁ]</strong></span> <span class='ocrx_word' id='word_1_229' title='bbox 456 3345 540 3398; x_wconf 76' lang='lat' dir='ltr'><strong>supra</strong></span> <span class='ocrx_word' id='word_1_230' title='bbox 557 3329 679 3384; x_wconf 86' lang='lat' dir='ltr'><strong>m.1P.</strong></span> <span class='ocrx_word' id='word_1_231' title='bbox 761 3325 1090 3401; x_wconf 73' lang='lat' dir='ltr'><strong>21.6]suprum.1P</strong></span> 
     </span>
     <span class='ocr_line' id='line_1_30' title="bbox 86 3368 1108 3471; baseline 0 -18"><span class='ocrx_word' id='word_1_232' title='bbox 86 3416 137 3455; x_wconf 88' lang='lat' dir='ltr'><strong>om.</strong></span> <span class='ocrx_word' id='word_1_233' title='bbox 158 3401 189 3456; x_wconf 79' lang='lat' dir='ltr'><strong>V.</strong></span> <span class='ocrx_word' id='word_1_234' title='bbox 263 3391 341 3471; x_wconf 75' lang='grc' dir='ltr'><strong>ὅλου]</strong></span> <span class='ocrx_word' id='word_1_235' title='bbox 360 3400 462 3455; x_wconf 76' lang='lat' dir='ltr'><strong>intus.</strong></span> <span class='ocrx_word' id='word_1_236' title='bbox 482 3399 511 3456; x_wconf 82' lang='lat' dir='ltr'><strong>F.</strong></span> <span class='ocrx_word' id='word_1_237' title='bbox 585 3406 627 3455; x_wconf 80' lang='lat'><strong>23.</strong></span> <span class='ocrx_word' id='word_1_238' title='bbox 647 3399 716 3471; x_wconf 86' lang='grc' dir='ltr'><strong>ΑΕ]</strong></span> <span class='ocrx_word' id='word_1_239' title='bbox 735 3405 758 3454; x_wconf 85' lang='lat' dir='ltr'><em>A</em></span> <span class='ocrx_word' id='word_1_240' title='bbox 778 3416 847 3455; x_wconf 79' lang='lat' dir='ltr'><strong>erus.</strong></span> <span class='ocrx_word' id='word_1_241' title='bbox 866 3399 900 3454; x_wconf 88' lang='lat' dir='ltr'><strong>V.</strong></span> <span class='ocrx_word' id='word_1_242' title='bbox 973 3368 1108 3465; x_wconf 57' lang='lat' dir='ltr'><strong>unci</strong></span> 
     </span>
     <span class='ocr_line' id='line_1_31' title="bbox 85 3464 686 3543; baseline 0.007 -19"><span class='ocrx_word' id='word_1_243' title='bbox 85 3471 131 3525; x_wconf 78' lang='grc' dir='ltr'><strong>καὶ</strong></span> <span class='ocrx_word' id='word_1_244' title='bbox 151 3465 167 3525; x_wconf 86' lang='grc' dir='ltr'>ὁ</span> <span class='ocrx_word' id='word_1_245' title='bbox 187 3470 300 3540; x_wconf 82' lang='lat' dir='ltr'><strong>BFVp.</strong></span> <span class='ocrx_word' id='word_1_246' title='bbox 373 3475 416 3526; x_wconf 79' lang='lat'><strong>25.</strong></span> <span class='ocrx_word' id='word_1_247' title='bbox 436 3465 512 3543; x_wconf 77' lang='grc' dir='ltr'><strong><em>ὅλος]</em></strong></span> <span class='ocrx_word' id='word_1_248' title='bbox 532 3465 547 3525; x_wconf 85' lang='grc' dir='ltr'><em>ὃ</em></span> <span class='ocrx_word' id='word_1_249' title='bbox 568 3464 633 3536; x_wconf 74' lang='grc' dir='ltr'><strong>ὅλος</strong></span> <span class='ocrx_word' id='word_1_250' title='bbox 650 3470 686 3528; x_wconf 83' lang='grc' dir='ltr'><strong>Β.</strong></span> 
     </span>
    </p>
   </div>
   <div class='ocr_carea' id='block_1_9' title="bbox 0 0 1187 3818">
    <p class='ocr_par' dir='ltr' id='par_1_14' title="bbox 0 0 1187 3818">
     <span class='ocr_line' id='line_1_32' title="bbox 0 0 1187 3818; baseline 0 0"><span class='ocrx_word' id='word_1_251' title='bbox 0 0 1187 3818; x_wconf 95' lang='lat' dir='ltr'><strong> </strong></span> 
     </span>
    </p>
   </div>
  </div>
 </body>
</html>
